2926 4980
381 388 435 438 on
455 386 648 439 crvrrnrr
669 387 938 439 cnnrsrmun.
1108 371 1181 435 313

475 712 637 785 CAPUT
664 710 862 783 XXXVII.

383 886 428 934 DE
444 886 634 934 MIRACULIS
647 886 691 932 ET
709 885 835 933 EORUM
855 884 934 933 USU.

143 1005 223 1076 Pan
257 1001 441 1074 miracula
470 1002 724 1097 intelliguntur
751 1024 863 1096 opera
890 1000 960 1073 Dei
988 997 1181 1071 mirabilia.
1219 1028 1358 1080 xxxva,

144 1117 326 1192 Quoniam
362 1129 486 1189 autem
521 1115 689 1188 dubitare
715 1115 834 1187 solent
867 1113 1046 1202 homines,
1077 1136 1181 1185 suam
1208 1110 1368 1226 ὦ

144 1232 306 1328 ipsorum
325 1230 469 1325 sequuti
487 1231 667 1302 rationem
682 1228 897 1312 naturalem,
910 1238 1035 1300 utrum
1048 1225 1184 1322 quoda
1207 1213 1375 1292 „tameat

143 1344 325 1440 propheta
350 1367 417 1438 pro
438 1343 612 1415 mandato
640 1342 708 1415 Dei
735 1341 1005 1437 pronuntiatur,
1033 1337 1184 1412 manda·

144 1470 223 1530 tum
234 1458 347 1552 ipsius
367 1457 436 1528 Dei
448 1457 496 1528 sit
512 1480 650 1537 necne:
670 1454 853 1527 miracula
872 1454 910 1525 in
929 1454 1050 1526 Sacris
1062 1452 1185 1547 Scrip-

146 1572 238 1644 tnris
256 1583 434 1644 vocantur
451 1571 575 1666 rigua,
602 1580 644 1642 nt
670 1593 751 1664 quae
773 1568 974 1640 voluntatis
993 1567 1062 1640 Dei
1080 1566 1188 1660 signa

147 1698 254 1765 sunt;
273 1684 367 1755 sicut
380 1683 489 1755 etiam
508 1682 605 1777 apud
624 1683 820 1778 scriptores
843 1681 1023 1770 ethnicoS,
1034 1688 1186 1776 propter

147 1797 301 1869 eandem
315 1804 669 1883 cansam,'vocantur
692 1803 840 1866 ostenta
857 1807 893 1866 et
900 1803 1096 1892 portenta.
1135 1792 1187 1864 Ut

148 1910 373 2004 intelligatur
390 1933 478 2003 ergo
494 1908 583 2005 qnid
601 1909 649 1980 sit
667 1906 896 1994 miraculum,
920 1906 1187 1979 observandum

149 2036 214 2111 est,
234 2047 401 2118 qnaenam
426 2046 538 2117 opera
555 2047 599 2095 ea
616 2022 690 2094 sint
708 2046 789 2117 qnae
806 2020 971 2093 homines
996 2020 1188 2092 admiran-

150 2147 222 2208 tur.
277 2137 370 2208 Sunt
388 2148 511 2207 antem
529 2159 610 2230 qnae
627 2134 768 2206 faciunt
787 2142 828 2205 nt
845 2157 937 2229 opus
955 2132 1105 2229 aliquod
1123 2131 1188 2205 ad-

150 2251 340 2337 mirentur,
360 2249 441 2321 duae
468 2261 611 2321 tantum
638 2272 706 2319 res.
770 2247 907 2334 Altera,
927 2247 957 2320 si
981 2247 1028 2319 sit
1051 2268 1187 2333 rarum,

150 2366 254 2459 cnjus
279 2362 395 2434 simile
422 2386 504 2433 raro
531 2373 595 2433 aut
620 2384 807 2454 nunqnam
829 2359 1068 2433 antefactum
1086 2358 1188 2430 vide-

152 2490 236 2549 rant
251 2507 260 2559 ;
280 2475 406 2561 altera,
417 2475 447 2545 si
465 2487 661 2570 postquam
671 2473 810 2545 factum
825 2484 891 2561 est,
907 2473 1100 2569 concipere
1113 2495 1189 2543 non

151 2602 304 2686 possunt
328 2613 394 2685 per
419 2613 546 2661 causas
573 2588 755 2660 naturales
772 2587 912 2659 factum
934 2611 1023 2676 esse,
1043 2585 1107 2659 sed
1133 2609 1190 2657 so·

152 2702 339 2775 lummodo
354 2726 420 2798 per
438 2702 687 2796 operationem
706 2701 775 2773 Dei
793 2701 1052 2774 immediatam.
1093 2700 1128 2772 N
1130 2723 1190 2772 am

154 2816 184 2888 si
195 2816 284 2888 lacti
298 2838 426 2887 causas
440 2814 625 2887 naturales
638 2814 888 2910 intelligimus,
900 2826 1087 2909 utcunque
1099 2837 1191 2910 opus
1252 2833 1256 2841 ·

154 2952 276 3001 rarum
294 2928 418 3018 luerit,
436 2928 494 3000 vel
512 2929 542 2999 si
563 2928 700 2999 factum
721 2927 837 2999 simile
859 2951 955 3023 saepe
980 2927 1190 3016 viderimnS,

154 3043 223 3114 etsi
241 3065 387 3114 causam
414 3043 492 3136 ejus
518 3040 724 3112 naturalem
750 3064 825 3113 non
852 3040 1091 3136 concipimus
1116 3063 1192 3112 nou

155 3155 311 3250 amplius
329 3154 564 3243 admiramur,
582 3178 651 3226 nec
669 3153 888 3226 miraculum
904 3154 1140 3250 appellamus

206 3269 337 3362 ltaque
355 3268 385 3339 si
410 3267 477 3339 bos
506 3280 571 3339 aut
599 3290 714 3362 equus
731 3266 952 3361 loqueretur,
971 3265 1192 3338 miraculum

156 3392 360 3469 vocaretur,
379 3381 463 3477 qnia
481 3404 617 3467 rarum,
641 3393 679 3453 et
704 3382 808 3474 cnjus
826 3404 972 3452 causam
990 3379 1195 3452 naturalem

158 3519 231 3568 non
259 3518 452 3591 possumus
483 3495 687 3589 imaginari.
757 3493 946 3583 Similiter,
975 3494 1013 3566 in
1042 3517 1196 3590 genera-

158 3609 257 3682 tione
289 3608 511 3696 animalinm,
542 3620 685 3681 naturae
719 3607 878 3679 deviatio
907 3609 1025 3680 omnis
1047 3606 1196 3680 insolita

157 3747 224 3818 pro
251 3720 431 3792 miraculo
455 3721 662 3793 haberetur.
724 3721 775 3793 At
801 3720 831 3792 si
854 3721 963 3793 homo
980 3722 1039 3794 vel
1060 3720 1195 3795 animal

158 3834 256 3907 alind
276 3833 332 3904 sui
350 3833 467 3904 simile
485 3846 646 3928 generet,
674 3857 883 3929 quanquam
908 3846 946 3906 et
962 3834 1032 3907 hoc
1050 3847 1088 3907 et
1105 3832 1197 3905 illud

159 3945 343 4043 quomodo
372 3947 512 4018 lactum
540 3948 587 4018 sit
615 3970 718 4042 aeqne
744 3950 960 4038 nesciamus
980 3947 1198 4020 miraculum

159 4084 331 4133 essenon
348 4071 530 4155 putamus.
582 4059 676 4132 Item
701 4061 731 4132 si
749 4061 859 4133 homo
877 4061 1198 4133 transformaretur
1304 4133 1308 4139 .

159 4175 197 4245 in
214 4173 385 4270 lapidem,
408 4173 623 4245 miraculum
649 4188 765 4258 esset;
793 4174 879 4270 quia
904 4198 1048 4247 rarum:
1076 4174 1142 4248 sed
1167 4175 1199 4247 si

159 4286 299 4380 lignum
318 4287 370 4359 ita
383 4297 601 4374 mutaretur,
615 4287 701 4383 quia
714 4311 810 4383 saepe
823 4289 877 4376 fit,
890 4287 1106 4361 miraculum
1123 4312 1197 4361 non
