2926 4980
516 350 569 401 DE
590 351 772 403 ΗΟΜΙΝΕ.

491 744 653 836 carui
678 761 781 835 xvl.

364 936 412 984 1>ss
431 936 601 985 Pansonls
619 936 665 986 ET
683 935 922 986 AUTHORIBUS.

118 1071 321 1143 Pansonn
339 1078 396 1142 est
413 1068 448 1140 ia
461 1068 603 1164 qniauo
617 1066 811 1140 nataliono
824 1067 1039 1140 nominares
1053 1066 1164 1164 agit:
1188 1091 1265 1141 cnr.
1277 1090 1338 1139 xvr

120 1184 154 1257 si
167 1207 246 1272 suo,
256 1205 416 1279 persona
422 1183 602 1280 propria,
617 1182 693 1254 sive
703 1181 880 1254 naturalis
891 1192 948 1254 est
962 1213 971 1265 ;
990 1180 1020 1253 si
1033 1180 1166 1270 alieno,
1194 1177 1338 1292 ⁰:AE

120 1321 282 1394 persona
294 1306 352 1369 est
362 1297 563 1392 ejus‚cujus
575 1295 723 1368 nomine
737 1295 826 1391 agit,
837 1294 1165 1392 repraesentativa.
1192 1298 1338 1345 ⁶²⁸¹²⁰²⁰¹ib⁰

123 1413 323 1485 Personam
338 1409 457 1482 Graeci
475 1420 607 1482 vocant
623 1422 783 1497 πρόσωπον,
799 1409 898 1504 quod
914 1407 1097 1503 significat
1112 1408 1167 1480 fa·
1263 1439 1264 1442 ¹

125 1524 219 1598 ciem
244 1523 405 1596 hominis
430 1524 647 1596 naturalem.
701 1522 775 1595 Sed
800 1547 823 1595 a
847 1522 988 1596 Latinis
1011 1544 1169 1617 persona

123 1636 422 1733 frequentissime
452 1636 609 1708 sumitur
637 1659 705 1732 pro
731 1636 826 1709 facie
857 1635 999 1722 fictitia,
1021 1659 1104 1731 quae
1131 1644 1169 1707 et

125 1751 236 1824 larva
249 1750 398 1840 dicitur,
412 1749 512 1845 quali
521 1750 721 1822 utebantur
736 1750 776 1821 in
792 1749 946 1822 theatris
961 1748 1169 1821 histriones.

125 1867 160 1937 Α
177 1865 324 1938 theatro
341 1876 467 1936 autem
485 1864 522 1935 in
540 1863 661 1936 forum
681 1863 860 1936 translata
877 1875 944 1951 est,
962 1863 1074 1936 etiam
1091 1863 1169 1935 sine

125 1978 251 2062 larva3
288 1976 382 2049 adeo
411 1985 454 2048 ut
482 1999 650 2072 persona,
677 1988 757 2050 tum
784 1977 823 2048 in
848 1977 993 2049 theatro
1021 1989 1101 2049 tum
1131 1976 1170 2048 in

124 2090 217 2178 foro,
248 2089 347 2162 idem
375 2088 599 2185 significaret
629 2089 728 2187 quod
752 2101 880 2174 actor;
912 2103 950 2162 et
977 2114 1171 2186 personam

125 2203 280 2298 alicujus
298 2225 430 2297 gerere
447 2214 513 2274 aut
529 2203 708 2275 sustinere
726 2203 911 2276 diceretur
933 2203 1006 2292 ille,
1025 2204 1087 2300 qui
1104 2228 1171 2277 no-

126 2317 224 2390 mine
248 2319 512 2413 cujuscunque,
540 2317 610 2390 etsi
637 2316 716 2389 sine
741 2316 854 2406 larva,
882 2328 1006 2413 partes
1033 2330 1170 2413 ageret.

127 2431 252 2525 Atque
269 2454 314 2502 eo
340 2453 450 2502 sensu
467 2430 583 2503 utitur
599 2430 779 2503 vocabulo
795 2454 960 2526 persona
978 2431 1107 2504 Cicero
1126 2431 1173 2504 ad

131 2542 311 2630 Atticum,
324 2542 388 2614 uhi
399 2542 501 2630 dicit,
513 2567 605 2615 onus
616 2542 779 2615 eratineo
792 2552 871 2614 tres
877 2566 1080 2640 personas,
1089 2543 1171 2635 mei,

124 2655 285 2751 judicis,
312 2665 349 2727 et
375 2654 604 2728 aduersarii.
656 2655 785 2751 ltaque
803 2654 982 2752 deputati,
1000 2681 1173 2753 procura-

132 2781 243 2858 tores,
261 2791 448 2865 proreges,
466 2768 600 2864 aliique
615 2768 678 2864 qui
692 2768 847 2841 aliorum
858 2770 1007 2865 negotia
1019 2769 1172 2859 faciunt,

133 2906 262 2956 eorum
278 2905 446 2977 personae
463 2894 550 2954 sunt
566 2881 889 2978 repraesentativa.

181 2995 307 3067 Verba
323 3007 361 3066 et
376 2994 476 3067 facta
492 2995 836 3092 repraesentantium
860 2997 907 3069 ab
933 2996 989 3084 iis,
1009 3020 1100 3092 quos
1116 3022 1174 3071 re-

135 3119 371 3206 praesentant,
390 3108 587 3205 aliquando
604 3133 673 3205 pro
691 3108 765 3181 suis
782 3121 1055 3204 agnoscuntur3
1082 3122 1174 3184 tunc

133 3234 259 3295 antem
286 3231 552 3317 repraesentans
581 3233 697 3311 actor,
728 3233 1011 3317 repraesentatus
1041 3225 1176 3298 author

136 3335 283 3424 dicitur,
301 3346 344 3407 ut
361 3336 465 3430 cujus
482 3336 706 3408 authoritate
723 3348 827 3408 actor
843 3337 931 3431 agit.
959 3336 1035 3410 Qui
1051 3350 1176 3410 autem

136 3449 174 3521 in
193 3448 396 3545 quaestione
414 3447 585 3522 debonis
603 3459 640 3521 et
664 3449 967 3545 possessionibus,
995 3450 1176 3539 dominus

137 3562 175 3633 in
192 3562 393 3656 qnaestione
411 3561 457 3635 de
474 3563 596 3635 verbis
614 3575 652 3636 et
670 3563 887 3653 actionibus
905 3565 1039 3637 author
1053 3564 1177 3661 appel-

136 3674 254 3747 latur:
281 3687 320 3748 et
336 3685 379 3746 nt
400 3677 462 3770 jus
479 3674 639 3748 habendi
657 3674 871 3765 dominium,
888 3678 941 3750 ita
961 3679 1022 3773 jus
1045 3677 1178 3774 agendi

138 3788 340 3861 authoritas
358 3786 504 3861 dicitur.

189 3902 228 3974 Si
254 3924 342 3997 ergo
369 3913 474 3973 actor
497 3901 705 3997 paciscatur
729 3925 797 3997 per
822 3902 1084 3977 authoritatem
1109 3904 1178 3977 sihi

140 4015 275 4103 datam,
293 4015 488 4088 authorem
505 4015 643 4110 obligat
656 4026 693 4088 et
705 4015 804 4110 pacti
818 4018 1087 4113 consequentiis
1101 4043 1178 4090 om-

140 4129 245 4201 nibns
270 4128 429 4222 subjicit,
448 4142 625 4224 tanquam
647 4128 736 4200 siin
760 4152 918 4223 persona
943 4155 1008 4204 sua
1030 4131 1180 4227 propria

141 4254 270 4336 pactus
281 4255 388 4314 esset.
433 4241 567 4315 Omnia
580 4265 680 4338 ergo,
693 4265 774 4337 quae
786 4241 831 4314 de
842 4254 975 4317 natura
988 4257 1180 4341 pactorum
