2926 4980
323 304 397 371 498
571 316 625 369 na
644 314 785 369 annno
802 312 1107 367 nassamones.

113 518 191 569 cap,
206 518 302 571 nm,
324 484 445 582 priore
454 480 564 556 modo
574 494 911 581 aeceptnm,nempe
920 480 1068 579 qnando
1077 476 1375 579 conjungitduo

324 597 484 685 nomina,
511 607 666 670 vocatur
694 596 857 694 copolo3
880 596 1083 694 posteriore
1104 594 1227 669 modo
1244 618 1375 691 sump-

325 722 417 799 tum,
445 718 598 783 vocatur
623 707 770 781 verbum
795 708 1071 783 masmim.
1130 705 1261 781 Verbo
1285 706 1373 781 aab·

325 823 488 897 stantiae
513 823 711 896 utebantur
736 822 847 895 etiam
877 822 1038 913 Hebraei,
1068 831 1109 896 et
1131 820 1304 918 passim
1329 832 1372 893 ut

326 936 389 1010 ubi
406 958 540 1009 nomeu
564 958 670 1008 suum
686 934 785 1008 Dens
810 935 1023 1033 simpliciter
1038 934 1131 1009 dicit
1147 957 1235 1009 esse
1251 933 1371 1017 Suu,-

326 1049 391 1124 sed
417 1059 461 1122 ut
488 1046 624 1148 copulo
651 1070 840 1144 nunquam
872 1048 1082 1123 utebantur.
1151 1048 1257 1122 Nam
1287 1048 1369 1121 vice

141 602 282 635 κ-τ-α

140 662 173 705 Do
183 662 278 707 tenebris

138 727 167 770 ab
176 727 237 771 innui

139 790 281 850 phileupuio

326 1164 478 1261 copula,
489 1161 687 1235 utebantur
701 1162 849 1236 Hebraei
862 1161 1018 1236 duorum
1033 1162 1232 1235 nominum
1244 1184 1369 1260 appo-

326 1278 489 1358 sitiooe3
513 1286 556 1348 nt
568 1274 632 1347 ubi
650 1274 797 1361 dicitur,
812 1274 917 1366 (Gen.
933 1275 959 1349 i.
976 1277 1026 1370 2),
1040 1284 1149 1348 terro
1160 1297 1230 1347 rea
1244 1274 1368 1373 ipsor-

327 1390 424 1472 mis;
457 1386 557 1484 quod
590 1410 656 1461 nos
689 1390 892 1463 necessario
918 1390 1105 1478 vertimus,
1136 1398 1253 1462 term
1279 1398 1368 1463 erat

327 1500 497 1599 irfformis
511 1512 581 1573 etc.

377 1612 603 1702 Aristoteles,
621 1614 774 1711 quinon
791 1627 869 1689 tam
893 1614 942 1688 od
970 1639 1034 1689 res
1058 1615 1224 1711 respexit
1254 1637 1367 1711 qnam

328 1726 376 1800 ad
392 1750 509 1813 voces,
526 1750 610 1800 cum
627 1727 859 1824 intelligeret,
873 1729 1028 1825 exempli
1045 1751 1168 1815 causa,
1183 1728 1256 1801 snb
1273 1727 1367 1801 duo·

327 1842 396 1913 bus
424 1839 644 1931 nominibus,
673 1840 776 1913 homo
803 1853 842 1914 et
870 1840 1021 1931 animal,
1047 1864 1129 1937 quae
1149 1864 1210 1913 res
1227 1840 1366 1913 intelli-

327 1953 457 2051 gendae
486 1967 619 2039 erant;
660 1977 733 2026 non
761 1963 955 2027 contentus
981 1977 1037 2045 eo,
1064 1954 1177 2027 homo
1206 1952 1366 2050 diligens

330 2068 496 2164 quaesivit
512 2067 676 2157 ulterius,
691 2091 859 2163 quaenam
867 2091 926 2140 res
939 2066 1179 2164 concipienda
1196 2080 1282 2140 erat
1299 2066 1366 2141 sub

234 2204 238 2209 ·
330 2181 460 2278 copula
489 2191 559 2269 est,
586 2180 645 2253 vel
675 2180 805 2254 saltem
831 2181 898 2255 sub
926 2204 1017 2255 voce
1043 2180 1228 2255 infinitiva
1256 2205 1366 2275 eam

331 2318 400 2367 nec
419 2293 599 2367 dubitavit
618 2293 707 2390 quin
731 2318 866 2369 nomen
890 2294 981 2367 illud
1006 2319 1098 2384 esse,
1125 2294 1284 2391 alicujus
1310 2293 1367 2367 rei

331 2429 464 2480 nomen
481 2405 618 2488 fuerit;
637 2407 740 2502 quasi
758 2419 854 2481 esset
869 2407 908 2480 in
925 2420 1060 2481 natura
1075 2430 1199 2480 rerum
1212 2406 1368 2504 aliquid,

331 2521 434 2615 cujus
457 2544 590 2593 nornen
608 2532 704 2592 esset
720 2544 802 2593 esse
815 2519 873 2593 vel
890 2521 1065 2593 essentia.
1117 2518 1175 2591 Ab
1205 2519 1280 2593 hoc
1307 2521 1370 2593 ala

333 2633 442 2706 surdo
470 2634 507 2705 in
537 2633 637 2705 aliud
661 2634 781 2730 lapsus
799 2645 856 2707 est
873 2632 992 2706 adhuc
1009 2635 1125 2730 pejus,
1142 2655 1290 2729 nempe,
1310 2657 1369 2706 es·

332 2747 475 2819 sentias
502 2746 685 2843 quasdam
711 2770 789 2820 esse
816 2748 863 2820 ab
891 2746 1035 2819 entibus
1062 2747 1136 2820 suis
1163 2759 1368 2842 separatae,

333 2882 423 2953 quas
438 2859 519 2931 coeli
531 2859 679 2931 orbibus
690 2860 897 2932 assistentes
913 2860 1158 2955 circumagere
1175 2857 1258 2931 illos
1269 2860 1370 2932 affir-

333 2973 482 3055 mabat;
509 2971 620 3044 etiam
637 2973 795 3045 animam
807 2974 1016 3061 humanam,
1033 2973 1079 3044 ab
1096 2971 1246 3044 homine
1264 2996 1372 3070 sepa·

333 3096 450 3158 ratam
476 3097 514 3158 et
536 3085 712 3175 dissitam,
728 3111 793 3182 per
811 3111 849 3159 se
874 3087 1090 3159 subsistere:
1117 3107 1198 3181 quae
1216 3085 1370 3178 quidem

334 3197 593 3271 doctrinarum
606 3199 789 3295 theologia
802 3199 1162 3271 Homericafortasse
1180 3198 1369 3292 congruit,

334 3311 398 3383 sed
415 3335 498 3384 cum
524 3312 712 3408 Scriptura
740 3314 851 3386 Sacra
878 3336 951 3385 non
983 3312 1164 3408 congruit.
1233 3310 1370 3406 Neque

335 3424 430 3496 enim
448 3449 520 3497 vox
538 3425 610 3514 illa,
629 3427 805 3516 cosentio,
823 3427 862 3498 in
888 3426 1086 3522 Scripturis
1111 3436 1176 3497 aut
1201 3424 1371 3499 ecclesiae

334 3537 546 3633 Anglicanae
562 3538 720 3635 liturgia,
744 3540 916 3628 articulis,
934 3540 992 3611 vel
1008 3538 1207 3612 canonibus
1224 3538 1371 3610 inveni-

333 3660 416 3734 tur;
442 3675 560 3746 neque
577 3676 649 3724 vox
663 3652 791 3726 Graeca
808 3651 908 3741 οὓσια,
926 3652 996 3723 nisi
1012 3675 1080 3749 pro
1099 3650 1246 3740 divitiis,
1274 3674 1369 3746 quas

334 3763 455 3837 Latini
484 3766 594 3838 etiarn
621 3776 754 3839 vocant
783 3789 861 3838 rem
873 3794 886 3848 ,·
925 3789 1043 3861 neque
1071 3762 1283 3852 essentiale,
1310 3788 1368 3837 es·

334 3877 560 3968 sentiamus,
584 3879 735 3968 entitas,
761 3878 1003 3967 enlitotioum,
1030 3901 1147 3974 neque
1170 3877 1368 3972 quicquam

335 3990 435 4086 quod
450 3992 493 4063 fit
509 4015 553 4064 ex
572 3992 682 4091 copul
709 4049 717 4065 .
768 3993 855 4065 Non
869 3993 966 4065 enirn
983 3992 1108 4088 lingua
1122 3992 1369 4064 Hebraeorum

335 4102 373 4175 id
388 4103 606 4198 patiebatur.
658 4105 824 4178 Essentia
851 4126 939 4201 ergo
971 4128 1029 4178 res
1063 4129 1138 4178 non
1166 4116 1223 4177 est
1245 4128 1368 4200 neque

336 4227 479 4306 wenta,
508 4243 625 4316 neque
655 4219 854 4303 increata;
885 4218 948 4292 sed
974 4242 1108 4292 nomen
1137 4218 1227 4292 artis
1255 4241 1369 4292 causa
