2926 4980
346 387 398 438 nu
418 386 612 440 anuum
632 383 899 439 cunts‘nauu.
1067 372 1139 439 333

103 565 213 642 terra,
230 555 359 628 urbem
384 557 599 630 Jerusalem.
670 556 772 629 Idem
789 557 900 629 etiam
930 554 1139 628 confirmari
1172 588 1325 640 xxxvm,

103 667 248 740 videtur
257 668 353 758 (Joh.
364 667 412 742 iv.
427 669 491 760 22)
505 693 527 741 a
540 669 732 741 Servatore
748 681 888 755 nostr0,
900 668 937 740 in
956 667 1138 764 colloquio
1151 669 1353 790 fflffim

104 804 187 852 cum
205 780 356 852 muliere
382 782 622 871 Samaritana,
641 782 739 855 circa
753 782 876 855 laeum
894 780 1006 853 divini
1019 780 1138 852 cultus
1152 810 1218 873 (μω
1230 797 1312 873 Μ
1327 796 1352 874 ³3¹

103 892 230 979 futuri,
257 893 319 966 ubi
337 894 480 966 mulieri
499 894 588 967 dicit
605 894 772 967 Christus
793 892 1035 966 salvationem
1058 916 1140 965 esse
1152 861 1352 978 llllmul'esffm

104 1031 151 1079 ea
169 1006 327 1097 Jncloeis,
345 1008 384 1080 id
409 1020 478 1095 est,
497 1009 713 1081 salvatorem
730 1032 805 1080 non
823 1030 845 1079 a
863 1005 1027 1079 Samaria
1041 1005 1138 1077 futu-

104 1143 186 1191 rum
203 1143 293 1210 esse,
312 1121 376 1192 sed
394 1145 416 1193 a
431 1121 571 1193 Judaea.
624 1121 692 1194 Cui
717 1120 940 1216 respondens
958 1118 1047 1192 dicit
1063 1142 1142 1191 mu-

105 1231 183 1322 lier,
202 1231 345 1305 Scimus
367 1243 558 1306 oentnrnm
576 1257 657 1305 osse
680 1233 873 1306 Messian.
927 1232 1037 1306 Quod
1053 1255 1143 1328 ergo

105 1344 195 1420 dicit
222 1345 389 1418 Christus
415 1346 658 1420 salvationem
685 1371 766 1418 esso
791 1372 838 1419 ea
862 1344 1020 1435 lacteis,
1044 1344 1142 1418 idem

106 1470 174 1548 est,
193 1459 293 1554 quod
310 1458 400 1531 dicit
418 1459 549 1531 Paulus
570 1460 692 1553 (Rom.
708 1459 731 1531 i.
755 1467 810 1548 16,
835 1463 912 1552 17):
939 1456 1026 1530 Non
1049 1459 1144 1531 enim

105 1571 281 1644 erubeseo
300 1572 577 1670 Evangelinnt;
602 1573 723 1646 virtus
748 1573 842 1645 enim
858 1572 936 1644 Dei
952 1581 1010 1644 est
1027 1571 1064 1643 in
1081 1594 1144 1643 sa-

107 1683 217 1757 lntem
238 1685 336 1769 omni
359 1685 538 1775 eredenti,
566 1683 700 1758 Jndoeo
718 1686 893 1784 primani,
915 1695 953 1758 et
983 1686 1117 1758 Groeeo
1129 1712 1143 1768 ,-

96 1797 255 1891 justitia
272 1797 367 1870 enim
386 1798 425 1869 in
451 1822 493 1869 eo
518 1799 705 1871 revelatur
722 1824 769 1871 ea
777 1798 864 1892 fide
890 1798 928 1870 in
939 1798 1083 1892 fidem:
1106 1799 1144 1871 id

107 1920 174 1998 est,
192 1933 237 1982 ex
257 1911 330 1983 fide
347 1911 467 1983 ludaei
489 1911 528 1983 in
550 1912 661 1984 fidem
689 1911 818 1985 Graeci.
869 1911 1009 1984 Eodem
1036 1936 1146 1984 sensu

108 2022 289 2118 Propheta
298 2024 391 2114 Joel,
403 2024 497 2120 (cap.
512 2025 549 2097 ii.
565 2033 624 2114 30,
637 2024 930 2119 31),describens
942 2025 1037 2098 diem
1048 2025 1146 2120 judi-

108 2135 171 2209 cii:
185 2136 296 2209 Dabo
307 2137 498 2235 prodigia
517 2137 555 2209 in
568 2137 659 2210 eoelo
674 2147 712 2210 et
729 2137 767 2210 in
785 2147 904 2226 terra,
916 2138 1144 2235 sangninem,

108 2259 146 2322 et
174 2250 307 2347 ignem,
334 2260 372 2323 et
396 2274 573 2347 vaporem
589 2251 707 2348 fami.
758 2250 827 2322 Sol
850 2259 1084 2323 convertetur
1107 2251 1146 2323 in

109 2361 295 2451 tenebras,
314 2371 350 2435 et
376 2362 464 2435 lnna
489 2362 527 2434 in
553 2363 782 2460 sangninem,
799 2372 995 2459 anteqnam
1020 2362 1147 2437 veniat

108 2474 190 2547 dies
221 2500 378 2573 anagnin
400 2483 438 2547 et
463 2473 657 2547 horribilis
670 2502 684 2558 ;
711 2485 749 2547 et
774 2475 850 2547 erit
872 2484 913 2548 nt
939 2474 1054 2547 omnis
1081 2477 1147 2572 qai

108 2587 336 2660 inoooaoerit
365 2612 492 2661 nomen
522 2587 685 2676 Domini,
712 2588 839 2661 salens
869 2588 956 2677 erit,
987 2588 1077 2685 qaia
1108 2590 1147 2662 in

108 2700 240 2772 Monte
267 2700 361 2773 Zion
391 2711 428 2774 et
455 2701 494 2773 in
519 2699 732 2774 Jerusalem
757 2700 833 2773 erit
857 2699 1031 2790 salvatio,
1049 2701 1146 2775 sicat

108 2812 409 2886 dinitDoninns.
434 2814 484 2886 Et
500 2812 637 2885 abdias
653 2813 741 2903 (ver.
760 2816 817 2906 17)
829 2841 838 2883 ε
850 2812 897 2885 In
910 2812 1043 2886 Monte
1056 2813 1146 2887 Sion

108 2926 184 2998 erit
200 2925 375 3016 salvatio,
393 2937 431 3000 et
459 2927 534 2999 erit
550 2935 714 3014 sanctas,
733 2935 771 2998 et
790 2925 1003 3023 possidebit
1019 2925 1146 3000 donas

109 3038 229 3111 Jacob
254 3063 316 3110 eos
339 3039 404 3135 qai
427 3063 468 3111 se
489 3038 744 3137 possederant
754 3065 769 3121 ,·
795 3062 885 3134 quas
900 3039 1147 3134 possessiones

109 3152 273 3224 versibus
285 3153 519 3248 sequentibus
532 3152 1026 3247 nominat,uempe,m0nte1n
1037 3154 1147 3241 Esau,

110 3275 246 3337 terram
262 3264 541 3353 Philistaeorum,
560 3288 666 3360 agros
689 3263 875 3360 Ephraim,
899 3275 938 3336 et
961 3265 1146 3354 Samariae,

111 3389 148 3451 et
165 3377 304 3466 Gilead,
322 3387 360 3449 et
376 3378 485 3450 urbes
503 3378 551 3450 ad
568 3377 779 3462 meridiem3
806 3377 1064 3473 concluditque
1090 3378 1148 3450 his

110 3490 240 3579 veihin,
260 3499 297 3562 et
314 3490 474 3563 Domino
491 3489 565 3561 erit
582 3513 748 3587 regnant.

161 3603 260 3676 Quid
277 3614 412 3692 autem,
427 3626 579 3698 regnum
594 3602 663 3687 Dei
680 3626 724 3674 eo
737 3613 914 3696 tempore,
928 3625 1050 3675 nonne
1068 3614 1148 3675 erat

110 3714 293 3788 Domino?
345 3713 431 3787 Nou
458 3725 537 3787 erat
563 3725 650 3786 tune
681 3713 840 3787 Domino
866 3738 1019 3808 regnum
1046 3714 1148 3803 illud,

110 3829 211 3924 quod
237 3851 303 3924 per
329 3838 476 3924 pactum
505 3826 635 3899 habuit
662 3826 793 3899 initum
819 3826 857 3898 in
884 3826 1013 3898 Monte
1036 3825 1149 3899 Sinai.

111 3941 270 4015 Quando
296 3963 383 4035 ergo
411 3940 482 4013 erit
508 3940 666 4013 Domino
697 3963 851 4035 regnum
874 3938 964 4010 illud
980 3962 1047 4035 per
1063 3962 1149 4035 pae-

110 4053 217 4127 tum?
279 4053 435 4125 Domino
463 4063 551 4125 tunc
583 4052 654 4125 erit
684 4075 839 4148 regnum
869 4050 971 4141 illud,
1000 4051 1148 4146 quando

110 4167 232 4239 veniet
250 4166 422 4239 Servator
439 4177 563 4238 noster
586 4188 669 4236 eum
687 4166 877 4261 majestate
894 4174 932 4236 et
953 4163 1082 4260 gloria,
1100 4165 1147 4237 ad

106 4279 347 4376 judicandum
360 4279 461 4351 vivos
476 4290 514 4351 et
527 4289 700 4350 mortuos.
754 4277 864 4350 Quod
877 4287 998 4351 autem
1016 4278 1149 4353 attinet
