2926 4980
331 368 550 421 nanuunrx
568 368 624 420 nn
645 366 902 418 nnvrarnnn.
1066 352 1137 417 529

92 561 167 610 non
182 559 300 630 posse,
317 536 387 608 nisi
403 558 532 607 revera
543 533 719 606 subsistat
733 533 803 628 ipsi
821 530 1042 628 apparitioni
1055 531 1140 604 sub·
1195 565 1272 614 cyp,
1289 564 1311 612 1,

92 651 229 724 stantia
245 650 380 746 aliqua,
398 673 481 746 quae
500 649 578 745 ejus
607 671 719 720 causa
736 647 794 735 sit,
814 658 863 735 et,
881 657 923 719 ut
942 646 1069 719 dicunt
1086 645 1140 717 lo·
1180 645 1329 761 m

93 764 178 860 gici,
197 764 415 860 subjectum.
469 764 684 858 Subjeotum
712 761 783 833 hoc
809 760 929 834 Graeci
954 760 1141 855 appellant
1183 771 1276 814 Nisa·

94 875 131 945 rb
150 875 199 965 dv,
218 878 408 969 ὑφιςᾶμενον
424 874 483 946 Vel
500 877 637 962 ὑποςᾶν,
656 884 693 945 et
714 875 896 956 barisanam
924 872 1045 945 Latini
1063 895 1140 961 ent,

94 988 309 1084 subjectum,
323 987 567 1087 suppositum,
578 985 840 1074 substantiam,
857 984 987 1074 basim,
999 998 1037 1058 et
1045 985 1142 1083 fan·

96 1103 315 1174 darnentunt.
370 1101 482 1175 Quod
506 1111 629 1173 autem
648 1099 693 1171 de
711 1099 922 1194 cognitione
939 1123 1006 1194 per
1023 1100 1141 1172 visum

96 1215 184 1303 dixi,
203 1215 248 1287 de
267 1216 409 1287 caeteris
433 1215 545 1287 etiam
574 1213 740 1286 sensibus
765 1213 1044 1309 intelligendum
1074 1224 1142 1287 est.

96 1328 307 1424 Opponitnr
332 1352 420 1424 ergo
449 1327 656 1424 hypostasis
682 1325 941 1421 phantasmati,
968 1339 1010 1399 ut
1033 1350 1144 1400 causa

96 1441 255 1530 effectui,
273 1465 406 1537 nempe
424 1441 587 1514 relative.
628 1439 829 1528 -Similiter,
857 1441 888 1512 si
906 1442 979 1514 sint
997 1441 1069 1514 tria
1084 1465 1143 1512 re-

96 1553 222 1642 lativa,
246 1565 288 1626 ut
311 1566 428 1650 pater,
449 1554 557 1643 filius
580 1565 617 1625 et
643 1576 769 1649 nepos,
792 1553 856 1625 ubi
879 1554 976 1626 filius
999 1578 1065 1650 per
1088 1552 1143 1626 di-

96 1691 240 1739 versam
267 1666 496 1755 relationem,
514 1667 584 1740 etsi
601 1690 717 1740 unum
735 1690 799 1739 ens
816 1667 925 1755 reale,
940 1668 1051 1740 habet
1069 1667 1143 1740 duo

96 1781 259 1867 nomina,
272 1780 428 1853 alterum
446 1780 579 1868 Patris
593 1781 680 1875 quia
696 1779 847 1875 genuit3
874 1780 1030 1852 alterum
1049 1780 1142 1870 Filii,
1247 1766 1251 1771 ⁴

98 1893 184 1988 quia
200 1893 347 1990 genitus
365 1904 429 1965 est.
468 1893 580 1964 Filius
598 1916 685 1988 ergo
704 1903 745 1963 ut
764 1892 917 1980 medius
933 1917 1143 1989 quanquam

96 2031 211 2079 uuum
228 2019 375 2080 tantum
393 2009 442 2079 sit
459 2030 536 2090 eus,
555 2005 667 2077 habet
692 2004 764 2076 duo
791 2006 942 2076 nomina
965 2030 1047 2101 quae
1073 2007 1144 2102 ipsi

96 2120 272 2193 dicuntur
298 2119 486 2216 imposita,
513 2120 633 2214 ipsum
658 2128 781 2190 autern
809 2143 874 2190 ens
902 2131 958 2191 est
987 2119 1145 2191 duorum

96 2234 287 2305 nominum
314 2231 558 2328 suppositum,
590 2231 665 2302 sive
692 2233 895 2323 ὑφιςᾶμενον,
924 2231 1143 2328 hypostasis,

97 2344 379 2415 fundamentum
408 2342 607 2415 relationis.
670 2343 800 2437 Itaque
832 2344 1040 2439 hypostasis
1068 2368 1144 2417 non

100 2457 211 2529 modo
229 2455 276 2528 ad
293 2455 552 2552 phantasmata
578 2454 707 2526 referri
732 2469 866 2550 potest,
885 2457 952 2529 sed
967 2458 1078 2530 etiam
1096 2457 1144 2531 ad

100 2571 260 2642 nomina.

150 2685 198 2755 A.
228 2682 408 2756 Quaeuam
434 2695 492 2755 est
518 2681 723 2753 differentia
753 2682 849 2754 inter
883 2685 1073 2776 ὑφιςὰμενον
1107 2696 1146 2756 et

100 2797 220 2866 brosdo
237 2807 276 2867 et
294 2797 472 2867 brosson?

149 2908 198 2981 B.
226 2911 329 2981 Inter
343 2906 416 2980 duo
434 2908 558 3004 priora
572 2907 780 2980 differentia
797 2908 869 2980 alia
880 2909 982 2981 nulla
995 2921 1061 2998 est,
1075 2911 1146 2983 nisi

100 3022 200 3115 quod
217 3022 287 3094 hoc
305 3021 522 3112 subsistens,
539 3021 631 3094 illud
656 3045 749 3092 nunc
776 3020 982 3095 subsistens
1007 3024 1146 3119 signifi-

100 3146 169 3207 cet.
223 3137 293 3208 Pro
312 3134 440 3207 iisdem
458 3149 582 3207 autem
607 3144 762 3206 utuntur
785 3134 905 3206 Graeci
930 3135 1145 3233 plerumque

99 3273 189 3321 voce
218 3248 448 3345 hypostasis,
467 3261 504 3321 et
521 3247 643 3320 Latini
660 3271 751 3318 voce
768 3245 984 3320 substantia
1006 3249 1065 3321 vel
1088 3275 1146 3322 es-

99 3363 235 3453 sentia,
259 3362 357 3434 inter
384 3387 474 3459 quas
498 3365 624 3436 Patres
651 3361 774 3432 Latini
800 3385 875 3433 non
903 3361 1145 3458 distinguunt,

99 3486 141 3548 ut
159 3486 304 3548 constat
321 3499 366 3546 ex
384 3477 492 3548 Petro
511 3473 730 3547 Lombardo.

149 3588 198 3661 Α.
227 3587 423 3663 Quomodo
442 3588 622 3684 accipitur
639 3610 711 3658 vox
725 3585 943 3683 hypostasis
961 3587 1000 3659 in
1017 3589 1145 3661 Testa-

99 3715 225 3774 mento
243 3701 379 3775 Novo?

150 3815 199 3886 B.
226 3813 367 3886 Eodem
396 3813 518 3902 modo,
546 3838 619 3908 quo
649 3812 829 3909 accipitur
859 3814 1147 3910 ascriptoribus

100 3929 254 4001 caeteris.
307 3928 359 4000 Ut
380 3927 494 4016 (lleb.
514 3927 537 4000 i.
558 3928 596 4020 3)
616 3927 679 3999 ubi
709 3926 877 4000 Christus
904 3927 1040 4000 dicitur
1058 3929 1146 4002 chu-

99 4050 229 4113 racter
246 4040 492 4138 hypostaseos
506 4042 593 4113 Dei.
631 4041 729 4113 Nam
743 4041 948 4138 hypostasis
965 4042 1016 4113 ibi
1034 4066 1147 4138 oppo-

99 4154 201 4226 nitur
219 4153 433 4242 characteri,
454 4153 492 4226 id
511 4165 578 4242 est,
597 4155 802 4227 substantia
819 4153 968 4250 imagini
983 4155 1145 4249 ejusdem

99 4267 326 4340 substantia.
392 4266 537 4340 Dicitur
564 4268 675 4340 etiam
701 4267 833 4341 eodem
857 4268 938 4341 loco
965 4266 1145 4364 splendor

200 4403 293 4455 von.
310 4402 373 4453 111.
961 4404 992 4453 u
1012 4405 1043 4454 ru
