<?xml version="1.0" encoding="UTF-8"?>
<!DOCTYPE html PUBLIC "-//W3C//DTD XHTML 1.0 Transitional//EN"
    "http://www.w3.org/TR/xhtml1/DTD/xhtml1-transitional.dtd">
<html xmlns="http://www.w3.org/1999/xhtml" xml:lang="en" lang="en">
 <head>
  <title>
</title>
<meta http-equiv="Content-Type" content="text/html;charset=utf-8" />
  <meta name='ocr-system' content='tesseract 3.04.00' />
  <meta name='ocr-capabilities' content='ocr_page ocr_carea ocr_par ocr_line ocrx_word'/>
</head>
<body>
  <div class='ocr_page' id='page_1' title='image "./thomhobbesmalme02hobbgoog_0405.png"; bbox 0 0 2926 4980; ppageno 0'>
   <div class='ocr_carea' id='block_1_1' title="bbox 327 345 1125 415">
    <p class='ocr_par' dir='ltr' id='par_1_1' title="bbox 327 345 1125 415">
     <span class='ocr_line' id='line_1_1' title="bbox 327 345 1125 415; baseline 0.005 -5"><span class='ocrx_word' id='word_1_1' title='bbox 327 345 401 411; x_wconf 83' lang='lat'>418</span> <span class='ocrx_word' id='word_1_2' title='bbox 570 359 623 410; x_wconf 82' lang='lat' dir='ltr'>nn</span> <span class='ocrx_word' id='word_1_3' title='bbox 643 359 836 411; x_wconf 77' lang='lat' dir='ltr'>cIVITATE</span> <span class='ocrx_word' id='word_1_4' title='bbox 856 360 1125 415; x_wconf 73' lang='lat' dir='ltr'>crrrusrrsur.</span> 
     </span>
    </p>
   </div>
   <div class='ocr_carea' id='block_1_2' title="bbox 127 526 1378 4136">
    <p class='ocr_par' dir='ltr' id='par_1_2' title="bbox 127 526 1378 4136">
     <span class='ocr_line' id='line_1_2' title="bbox 127 526 1372 624; baseline 0.002 -23"><span class='ocrx_word' id='word_1_5' title='bbox 127 558 205 608; x_wconf 65' lang='lat' dir='ltr'>cup.</span> <span class='ocrx_word' id='word_1_6' title='bbox 218 559 303 610; x_wconf 75' lang='lat' dir='ltr'>xm,</span> <span class='ocrx_word' id='word_1_7' title='bbox 327 535 454 601; x_wconf 82' lang='lat' dir='ltr'>nortro</span> <span class='ocrx_word' id='word_1_8' title='bbox 466 550 543 624; x_wconf 81' lang='lat' dir='ltr'>per</span> <span class='ocrx_word' id='word_1_9' title='bbox 561 526 762 623; x_wconf 70' lang='lat' dir='ltr'>epistolum</span> <span class='ocrx_word' id='word_1_10' title='bbox 776 529 948 619; x_wconf 74' lang='lat' dir='ltr'>sermoni,</span> <span class='ocrx_word' id='word_1_11' title='bbox 966 530 1061 603; x_wconf 81' lang='lat' dir='ltr'>huuc</span> <span class='ocrx_word' id='word_1_12' title='bbox 1087 539 1242 603; x_wconf 72' lang='lat' dir='ltr'>uocate.-</span> <span class='ocrx_word' id='word_1_13' title='bbox 1268 540 1310 603; x_wconf 82' lang='lat' dir='ltr'>et</span> <span class='ocrx_word' id='word_1_14' title='bbox 1326 557 1372 604; x_wconf 82' lang='lat' dir='ltr'>ne</span> 
     </span>
     <span class='ocr_line' id='line_1_3' title="bbox 140 639 1373 756; baseline 0.003 -43"><span class='ocrx_word' id='word_1_15' title='bbox 140 641 288 756; x_wconf 50' lang='lat' dir='ltr'><em>M</em></span> <span class='ocrx_word' id='word_1_16' title='bbox 327 641 578 713; x_wconf 81' lang='lat' dir='ltr'><em>commercium</em></span> <span class='ocrx_word' id='word_1_17' title='bbox 595 639 729 713; x_wconf 76' lang='lat' dir='ltr'>habete</span> <span class='ocrx_word' id='word_1_18' title='bbox 747 666 826 712; x_wconf 87' lang='lat' dir='ltr'>cum</span> <span class='ocrx_word' id='word_1_19' title='bbox 851 665 905 726; x_wconf 91' lang='lat' dir='ltr'>co,</span> <span class='ocrx_word' id='word_1_20' title='bbox 936 653 977 715; x_wconf 86' lang='lat' dir='ltr'>ut</span> <span class='ocrx_word' id='word_1_21' title='bbox 1006 641 1226 717; x_wconf 72' lang='lat' dir='ltr'>erobeccot:</span> <span class='ocrx_word' id='word_1_22' title='bbox 1252 668 1373 742; x_wconf 79' lang='lat' dir='ltr'>reque</span> 
     </span>
     <span class='ocr_line' id='line_1_4' title="bbox 139 754 1373 853; baseline 0.001 -25"><span class='ocrx_word' id='word_1_23' title='bbox 139 763 293 808; x_wconf 45' lang='lat' dir='ltr'>mudule*</span> <span class='ocrx_word' id='word_1_24' title='bbox 327 764 369 828; x_wconf 87' lang='lat' dir='ltr'>ut</span> <span class='ocrx_word' id='word_1_25' title='bbox 386 754 568 827; x_wconf 82' lang='lat' dir='ltr'>inimicum</span> <span class='ocrx_word' id='word_1_26' title='bbox 582 754 719 844; x_wconf 81' lang='lat' dir='ltr'><em>ducite,</em></span> <span class='ocrx_word' id='word_1_27' title='bbox 730 754 802 827; x_wconf 79' lang='lat' dir='ltr'>scd</span> <span class='ocrx_word' id='word_1_28' title='bbox 815 755 1009 829; x_wconf 79' lang='lat' dir='ltr'>admonete</span> <span class='ocrx_word' id='word_1_29' title='bbox 1023 765 1065 828; x_wconf 84' lang='lat' dir='ltr'>ut</span> <span class='ocrx_word' id='word_1_30' title='bbox 1078 756 1255 853; x_wconf 80' lang='lat' dir='ltr'>fratrem</span> <span class='ocrx_word' id='word_1_31' title='bbox 1270 787 1279 839; x_wconf 86' lang='lat'><strong>;</strong></span> <span class='ocrx_word' id='word_1_32' title='bbox 1307 756 1373 829; x_wconf 88' lang='lat' dir='ltr'>ubi</span> 
     </span>
     <span class='ocr_line' id='line_1_5' title="bbox 327 867 1374 963; baseline 0.003 -23"><span class='ocrx_word' id='word_1_33' title='bbox 327 892 351 940; x_wconf 89' lang='lat' dir='ltr'>a</span> <span class='ocrx_word' id='word_1_34' title='bbox 369 891 457 940; x_wconf 88' lang='lat' dir='ltr'>voce</span> <span class='ocrx_word' id='word_1_35' title='bbox 475 869 624 939; x_wconf 77' lang='grc' dir='ltr'>ὑπακόυει</span> <span class='ocrx_word' id='word_1_36' title='bbox 641 867 835 963; x_wconf 88' lang='lat' dir='ltr'>probatum</span> <span class='ocrx_word' id='word_1_37' title='bbox 852 867 966 941; x_wconf 86' lang='lat' dir='ltr'>vellet</span> <span class='ocrx_word' id='word_1_38' title='bbox 984 867 1374 943; x_wconf 83' lang='lat' dir='ltr'>Thessalonicensibus</span> 
     </span>
     <span class='ocr_line' id='line_1_6' title="bbox 328 978 1374 1077; baseline 0.001 -24"><span class='ocrx_word' id='word_1_39' title='bbox 328 980 520 1076; x_wconf 88' lang='lat' dir='ltr'>epistolam</span> <span class='ocrx_word' id='word_1_40' title='bbox 537 980 634 1053; x_wconf 90' lang='lat' dir='ltr'>hanc</span> <span class='ocrx_word' id='word_1_41' title='bbox 659 978 788 1052; x_wconf 85' lang='lat' dir='ltr'>fuissse</span> <span class='ocrx_word' id='word_1_42' title='bbox 814 979 944 1077; x_wconf 85' lang='lat' dir='ltr'>legem.</span> <span class='ocrx_word' id='word_1_43' title='bbox 997 981 1264 1077; x_wconf 83' lang='lat' dir='ltr'>Imperatorum</span> <span class='ocrx_word' id='word_1_44' title='bbox 1282 1005 1374 1054; x_wconf 87' lang='lat' dir='ltr'>sane</span> 
     </span>
     <span class='ocr_line' id='line_1_7' title="bbox 328 1093 1374 1191; baseline 0.001 -25"><span class='ocrx_word' id='word_1_45' title='bbox 328 1093 494 1191; x_wconf 86' lang='lat' dir='ltr'>epistolae</span> <span class='ocrx_word' id='word_1_46' title='bbox 510 1094 611 1190; x_wconf 85' lang='lat' dir='ltr'>leges</span> <span class='ocrx_word' id='word_1_47' title='bbox 629 1106 747 1166; x_wconf 88' lang='lat' dir='ltr'>erant.</span> <span class='ocrx_word' id='word_1_48' title='bbox 800 1094 840 1166; x_wconf 89' lang='lat' dir='ltr'>Si</span> <span class='ocrx_word' id='word_1_49' title='bbox 857 1116 945 1189; x_wconf 84' lang='lat' dir='ltr'>crgo</span> <span class='ocrx_word' id='word_1_50' title='bbox 963 1093 1024 1167; x_wconf 86' lang='lat' dir='ltr'>lex</span> <span class='ocrx_word' id='word_1_51' title='bbox 1036 1096 1148 1169; x_wconf 87' lang='lat' dir='ltr'>etiam</span> <span class='ocrx_word' id='word_1_52' title='bbox 1161 1107 1259 1168; x_wconf 88' lang='lat' dir='ltr'>esset</span> <span class='ocrx_word' id='word_1_53' title='bbox 1274 1094 1374 1191; x_wconf 89' lang='lat' dir='ltr'>epis-</span> 
     </span>
     <span class='ocr_line' id='line_1_8' title="bbox 328 1205 1373 1301; baseline -0.002 -20"><span class='ocrx_word' id='word_1_54' title='bbox 328 1208 405 1282; x_wconf 86' lang='lat' dir='ltr'>tola</span> <span class='ocrx_word' id='word_1_55' title='bbox 423 1208 459 1280; x_wconf 88' lang='lat' dir='ltr'>S.</span> <span class='ocrx_word' id='word_1_56' title='bbox 476 1206 589 1297; x_wconf 89' lang='lat' dir='ltr'>Pauli,</span> <span class='ocrx_word' id='word_1_57' title='bbox 608 1206 856 1301; x_wconf 85' lang='lat' dir='ltr'>obligaremur</span> <span class='ocrx_word' id='word_1_58' title='bbox 869 1205 1020 1279; x_wconf 87' lang='lat' dir='ltr'>obedire</span> <span class='ocrx_word' id='word_1_59' title='bbox 1037 1206 1180 1281; x_wconf 88' lang='lat' dir='ltr'>duobus</span> <span class='ocrx_word' id='word_1_60' title='bbox 1197 1207 1373 1281; x_wconf 89' lang='lat' dir='ltr'>dominis.</span> 
     </span>
     <span class='ocr_line' id='line_1_9' title="bbox 329 1319 1376 1416; baseline 0.001 -22"><span class='ocrx_word' id='word_1_61' title='bbox 329 1319 403 1394; x_wconf 84' lang='lat' dir='ltr'>Sed</span> <span class='ocrx_word' id='word_1_62' title='bbox 420 1344 491 1392; x_wconf 88' lang='lat' dir='ltr'>vox</span> <span class='ocrx_word' id='word_1_63' title='bbox 508 1319 572 1392; x_wconf 89' lang='lat' dir='ltr'>illa</span> <span class='ocrx_word' id='word_1_64' title='bbox 600 1320 728 1393; x_wconf 87' lang='lat' dir='ltr'>Graeca</span> <span class='ocrx_word' id='word_1_65' title='bbox 752 1319 945 1415; x_wconf 84' lang='lat' dir='ltr'>significat,</span> <span class='ocrx_word' id='word_1_66' title='bbox 963 1343 1038 1392; x_wconf 94' lang='lat' dir='ltr'>non</span> <span class='ocrx_word' id='word_1_67' title='bbox 1062 1320 1172 1393; x_wconf 93' lang='lat' dir='ltr'>modo</span> <span class='ocrx_word' id='word_1_68' title='bbox 1189 1321 1376 1416; x_wconf 83' lang='lat' dir='ltr'>imperatu</span> 
     </span>
     <span class='ocr_line' id='line_1_10' title="bbox 327 1432 1375 1530; baseline 0.003 -24"><span class='ocrx_word' id='word_1_69' title='bbox 327 1434 449 1507; x_wconf 84' lang='lat' dir='ltr'>facere</span> <span class='ocrx_word' id='word_1_70' title='bbox 470 1433 567 1506; x_wconf 91' lang='lat' dir='ltr'>illius</span> <span class='ocrx_word' id='word_1_71' title='bbox 585 1433 648 1529; x_wconf 88' lang='lat' dir='ltr'>qui</span> <span class='ocrx_word' id='word_1_72' title='bbox 665 1442 887 1530; x_wconf 87' lang='lat' dir='ltr'>potestatem</span> <span class='ocrx_word' id='word_1_73' title='bbox 911 1432 1024 1507; x_wconf 90' lang='lat' dir='ltr'>habet</span> <span class='ocrx_word' id='word_1_74' title='bbox 1045 1433 1222 1530; x_wconf 88' lang='lat' dir='ltr'>puniendi</span> <span class='ocrx_word' id='word_1_75' title='bbox 1246 1435 1375 1509; x_wconf 90' lang='lat' dir='ltr'>sinon</span> 
     </span>
     <span class='ocr_line' id='line_1_11' title="bbox 328 1546 1376 1642; baseline 0.002 -23"><span class='ocrx_word' id='word_1_76' title='bbox 328 1547 518 1635; x_wconf 67' lang='lat' dir='ltr'>faciamus</span> <span class='ocrx_word' id='word_1_77' title='bbox 532 1546 597 1620; x_wconf 89' lang='lat' dir='ltr'>scd</span> <span class='ocrx_word' id='word_1_78' title='bbox 615 1547 728 1620; x_wconf 85' lang='lat' dir='ltr'>etiam</span> <span class='ocrx_word' id='word_1_79' title='bbox 746 1546 940 1619; x_wconf 90' lang='lat' dir='ltr'>consilium</span> <span class='ocrx_word' id='word_1_80' title='bbox 954 1547 1056 1641; x_wconf 90' lang='lat' dir='ltr'>sequi</span> <span class='ocrx_word' id='word_1_81' title='bbox 1072 1546 1169 1620; x_wconf 90' lang='lat' dir='ltr'>illius</span> <span class='ocrx_word' id='word_1_82' title='bbox 1186 1548 1251 1642; x_wconf 89' lang='lat' dir='ltr'>qui</span> <span class='ocrx_word' id='word_1_83' title='bbox 1264 1548 1376 1621; x_wconf 89' lang='lat' dir='ltr'>nobis</span> 
     </span>
     <span class='ocr_line' id='line_1_12' title="bbox 330 1658 1376 1757; baseline 0 -23"><span class='ocrx_word' id='word_1_84' title='bbox 330 1661 378 1734; x_wconf 88' lang='lat' dir='ltr'>ad</span> <span class='ocrx_word' id='word_1_85' title='bbox 400 1662 541 1733; x_wconf 91' lang='lat' dir='ltr'>bonum</span> <span class='ocrx_word' id='word_1_86' title='bbox 571 1670 738 1732; x_wconf 90' lang='lat' dir='ltr'>nostrum</span> <span class='ocrx_word' id='word_1_87' title='bbox 767 1670 868 1732; x_wconf 89' lang='lat' dir='ltr'>recte</span> <span class='ocrx_word' id='word_1_88' title='bbox 896 1658 1066 1732; x_wconf 89' lang='lat' dir='ltr'>consulit.</span> <span class='ocrx_word' id='word_1_89' title='bbox 1118 1659 1250 1732; x_wconf 90' lang='lat' dir='ltr'>Paulus</span> <span class='ocrx_word' id='word_1_90' title='bbox 1282 1683 1376 1757; x_wconf 88' lang='lat' dir='ltr'>ergo</span> 
     </span>
     <span class='ocr_line' id='line_1_13' title="bbox 330 1771 1377 1868; baseline 0.001 -22"><span class='ocrx_word' id='word_1_91' title='bbox 330 1774 444 1862; x_wconf 91' lang='lat' dir='ltr'>illum,</span> <span class='ocrx_word' id='word_1_92' title='bbox 475 1773 640 1868; x_wconf 89' lang='lat' dir='ltr'>quinon</span> <span class='ocrx_word' id='word_1_93' title='bbox 668 1773 942 1863; x_wconf 73' lang='lat' dir='ltr'>auscultaverit,</span> <span class='ocrx_word' id='word_1_94' title='bbox 966 1796 1034 1868; x_wconf 94' lang='lat' dir='ltr'>pro</span> <span class='ocrx_word' id='word_1_95' title='bbox 1062 1771 1211 1845; x_wconf 89' lang='lat' dir='ltr'>inimico</span> <span class='ocrx_word' id='word_1_96' title='bbox 1241 1773 1377 1847; x_wconf 88' lang='lat' dir='ltr'>baberi</span> 
     </span>
     <span class='ocr_line' id='line_1_14' title="bbox 329 1883 1377 1983; baseline 0.001 -24"><span class='ocrx_word' id='word_1_97' title='bbox 329 1886 511 1983; x_wconf 91' lang='lat' dir='ltr'>prohibet,</span> <span class='ocrx_word' id='word_1_98' title='bbox 537 1885 602 1958; x_wconf 89' lang='lat' dir='ltr'>sed</span> <span class='ocrx_word' id='word_1_99' title='bbox 627 1885 817 1958; x_wconf 88' lang='lat' dir='ltr'>admoneri</span> <span class='ocrx_word' id='word_1_100' title='bbox 841 1897 987 1959; x_wconf 87' lang='lat' dir='ltr'>tantum</span> <span class='ocrx_word' id='word_1_101' title='bbox 1014 1895 1058 1957; x_wconf 91' lang='lat' dir='ltr'>ut</span> <span class='ocrx_word' id='word_1_102' title='bbox 1075 1883 1226 1958; x_wconf 84' lang='lat' dir='ltr'>fratrem</span> <span class='ocrx_word' id='word_1_103' title='bbox 1241 1887 1377 1981; x_wconf 88' lang='lat' dir='ltr'>jubet;</span> 
     </span>
     <span class='ocr_line' id='line_1_15' title="bbox 331 1997 1378 2094; baseline -0.001 -21"><span class='ocrx_word' id='word_1_104' title='bbox 331 2000 370 2073; x_wconf 92' lang='lat' dir='ltr'>id</span> <span class='ocrx_word' id='word_1_105' title='bbox 386 2010 453 2089; x_wconf 89' lang='lat' dir='ltr'>est,</span> <span class='ocrx_word' id='word_1_106' title='bbox 463 1999 664 2088; x_wconf 88' lang='lat' dir='ltr'>verberari,</span> <span class='ocrx_word' id='word_1_107' title='bbox 674 1998 907 2087; x_wconf 88' lang='lat' dir='ltr'>incarcerari,</span> <span class='ocrx_word' id='word_1_108' title='bbox 918 1997 1101 2087; x_wconf 86' lang='lat' dir='ltr'>mulctari,</span> <span class='ocrx_word' id='word_1_109' title='bbox 1112 1997 1211 2094; x_wconf 92' lang='lat' dir='ltr'>quod</span> <span class='ocrx_word' id='word_1_110' title='bbox 1224 1998 1378 2094; x_wconf 84' lang='lat' dir='ltr'>legisla-</span> 
     </span>
     <span class='ocr_line' id='line_1_16' title="bbox 331 2111 1377 2208; baseline 0 -20"><span class='ocrx_word' id='word_1_111' title='bbox 331 2113 473 2188; x_wconf 86' lang='lat' dir='ltr'>toribus</span> <span class='ocrx_word' id='word_1_112' title='bbox 483 2112 625 2185; x_wconf 89' lang='lat' dir='ltr'>licitum</span> <span class='ocrx_word' id='word_1_113' title='bbox 636 2112 890 2208; x_wconf 86' lang='lat' dir='ltr'>est,prohibet.</span> <span class='ocrx_word' id='word_1_114' title='bbox 909 2111 1047 2206; x_wconf 86' lang='lat' dir='ltr'>Exquo</span> <span class='ocrx_word' id='word_1_115' title='bbox 1057 2111 1294 2184; x_wconf 84' lang='lat' dir='ltr'>manifestum</span> <span class='ocrx_word' id='word_1_116' title='bbox 1305 2125 1377 2203; x_wconf 84' lang='lat' dir='ltr'>est,</span> 
     </span>
     <span class='ocr_line' id='line_1_17' title="bbox 331 2228 1377 2325; baseline 0.001 -22"><span class='ocrx_word' id='word_1_117' title='bbox 331 2230 368 2303; x_wconf 91' lang='lat' dir='ltr'>id</span> <span class='ocrx_word' id='word_1_118' title='bbox 384 2229 482 2325; x_wconf 89' lang='lat' dir='ltr'>quod</span> <span class='ocrx_word' id='word_1_119' title='bbox 495 2228 721 2302; x_wconf 85' lang='lat' dir='ltr'>Christianos</span> <span class='ocrx_word' id='word_1_120' title='bbox 732 2239 895 2301; x_wconf 87' lang='lat' dir='ltr'>metuere</span> <span class='ocrx_word' id='word_1_121' title='bbox 908 2240 1075 2324; x_wconf 87' lang='lat' dir='ltr'>pastores</span> <span class='ocrx_word' id='word_1_122' title='bbox 1088 2252 1173 2301; x_wconf 87' lang='lat' dir='ltr'>suos</span> <span class='ocrx_word' id='word_1_123' title='bbox 1182 2229 1284 2318; x_wconf 82' lang='lat' dir='ltr'>fecit,</span> <span class='ocrx_word' id='word_1_124' title='bbox 1295 2254 1377 2304; x_wconf 92' lang='lat' dir='ltr'>non</span> 
     </span>
     <span class='ocr_line' id='line_1_18' title="bbox 331 2341 1357 2440; baseline 0 -24"><span class='ocrx_word' id='word_1_125' title='bbox 331 2343 487 2440; x_wconf 89' lang='lat' dir='ltr'>apostoli</span> <span class='ocrx_word' id='word_1_126' title='bbox 500 2342 707 2439; x_wconf 90' lang='lat' dir='ltr'>imperium,</span> <span class='ocrx_word' id='word_1_127' title='bbox 726 2341 791 2415; x_wconf 88' lang='lat' dir='ltr'>sed</span> <span class='ocrx_word' id='word_1_128' title='bbox 808 2342 1118 2415; x_wconf 85' lang='lat' dir='ltr'>existimationem</span> <span class='ocrx_word' id='word_1_129' title='bbox 1135 2344 1213 2437; x_wconf 89' lang='lat' dir='ltr'>ejus</span> <span class='ocrx_word' id='word_1_130' title='bbox 1229 2342 1357 2416; x_wconf 83' lang='lat' dir='ltr'>luisse.</span> 
     </span>
     <span class='ocr_line' id='line_1_19' title="bbox 381 2454 1376 2538; baseline -0.001 -8"><span class='ocrx_word' id='word_1_131' title='bbox 381 2460 502 2531; x_wconf 89' lang='lat' dir='ltr'>Locus</span> <span class='ocrx_word' id='word_1_132' title='bbox 519 2458 668 2530; x_wconf 90' lang='lat' dir='ltr'>ultimus</span> <span class='ocrx_word' id='word_1_133' title='bbox 686 2469 741 2530; x_wconf 90' lang='lat' dir='ltr'>est</span> <span class='ocrx_word' id='word_1_134' title='bbox 761 2456 855 2529; x_wconf 92' lang='lat' dir='ltr'>Heb.</span> <span class='ocrx_word' id='word_1_135' title='bbox 868 2456 943 2528; x_wconf 90' lang='lat' dir='ltr'>xiii.</span> <span class='ocrx_word' id='word_1_136' title='bbox 963 2462 1023 2538; x_wconf 90' lang='lat'>17:</span> <span class='ocrx_word' id='word_1_137' title='bbox 1046 2454 1205 2528; x_wconf 75' lang='lat' dir='ltr'>obedite</span> <span class='ocrx_word' id='word_1_138' title='bbox 1218 2456 1376 2529; x_wconf 82' lang='lat' dir='ltr'>ductor-</span> 
     </span>
     <span class='ocr_line' id='line_1_20' title="bbox 332 2568 1377 2668; baseline -0.001 -25"><span class='ocrx_word' id='word_1_139' title='bbox 332 2571 415 2643; x_wconf 77' lang='lat' dir='ltr'>itm</span> <span class='ocrx_word' id='word_1_140' title='bbox 433 2574 584 2660; x_wconf 81' lang='lat' dir='ltr'>ocrtric,</span> <span class='ocrx_word' id='word_1_141' title='bbox 603 2580 641 2643; x_wconf 87' lang='lat' dir='ltr'>et</span> <span class='ocrx_word' id='word_1_142' title='bbox 664 2569 911 2643; x_wconf 71' lang='lat' dir='ltr'>obsecundato</span> <span class='ocrx_word' id='word_1_143' title='bbox 923 2597 937 2652; x_wconf 89' lang='lat'><em>;</em></span> <span class='ocrx_word' id='word_1_144' title='bbox 967 2568 1152 2642; x_wconf 76' lang='lat' dir='ltr'>excubant</span> <span class='ocrx_word' id='word_1_145' title='bbox 1173 2570 1266 2641; x_wconf 84' lang='lat' dir='ltr'>cuim</span> <span class='ocrx_word' id='word_1_146' title='bbox 1294 2571 1377 2668; x_wconf 77' lang='lat' dir='ltr'>ipsi</span> 
     </span>
     <span class='ocr_line' id='line_1_21' title="bbox 325 2683 1373 2782; baseline 0.001 -27"><span class='ocrx_word' id='word_1_147' title='bbox 325 2708 403 2782; x_wconf 80' lang='lat' dir='ltr'>pro</span> <span class='ocrx_word' id='word_1_148' title='bbox 415 2684 607 2757; x_wconf 79' lang='lat' dir='ltr'>uuimolms</span> <span class='ocrx_word' id='word_1_149' title='bbox 618 2684 766 2772; x_wconf 78' lang='lat' dir='ltr'>ocutrir,</span> <span class='ocrx_word' id='word_1_150' title='bbox 781 2694 957 2779; x_wconf 84' lang='lat' dir='ltr'>tauquam</span> <span class='ocrx_word' id='word_1_151' title='bbox 968 2683 1150 2755; x_wconf 82' lang='lat' dir='ltr'>rationem</span> <span class='ocrx_word' id='word_1_152' title='bbox 1167 2683 1373 2756; x_wconf 81' lang='lat' dir='ltr'>reddituri.</span> 
     </span>
     <span class='ocr_line' id='line_1_22' title="bbox 333 2795 1374 2894; baseline 0 -25"><span class='ocrx_word' id='word_1_153' title='bbox 333 2799 457 2894; x_wconf 83' lang='lat' dir='ltr'>Atque</span> <span class='ocrx_word' id='word_1_154' title='bbox 475 2799 545 2870; x_wconf 90' lang='lat' dir='ltr'>hoc</span> <span class='ocrx_word' id='word_1_155' title='bbox 559 2820 685 2869; x_wconf 89' lang='lat' dir='ltr'>rursus</span> <span class='ocrx_word' id='word_1_156' title='bbox 702 2797 794 2881; x_wconf 87' lang='lat' dir='ltr'>loco,</span> <span class='ocrx_word' id='word_1_157' title='bbox 814 2795 964 2867; x_wconf 89' lang='lat' dir='ltr'>obedire</span> <span class='ocrx_word' id='word_1_158' title='bbox 981 2796 1076 2869; x_wconf 91' lang='lat' dir='ltr'>idem</span> <span class='ocrx_word' id='word_1_159' title='bbox 1095 2809 1152 2869; x_wconf 89' lang='lat' dir='ltr'>est</span> <span class='ocrx_word' id='word_1_160' title='bbox 1169 2796 1269 2892; x_wconf 91' lang='lat' dir='ltr'>quod</span> <span class='ocrx_word' id='word_1_161' title='bbox 1283 2821 1374 2869; x_wconf 88' lang='lat' dir='ltr'>oon-</span> 
     </span>
     <span class='ocr_line' id='line_1_23' title="bbox 333 2909 1373 3007; baseline 0 -23"><span class='ocrx_word' id='word_1_162' title='bbox 333 2913 454 2985; x_wconf 89' lang='lat' dir='ltr'>silium</span> <span class='ocrx_word' id='word_1_163' title='bbox 473 2910 585 3007; x_wconf 89' lang='lat' dir='ltr'>sequi.</span> <span class='ocrx_word' id='word_1_164' title='bbox 640 2909 747 2982; x_wconf 88' lang='lat' dir='ltr'>Ratio</span> <span class='ocrx_word' id='word_1_165' title='bbox 761 2909 858 2981; x_wconf 86' lang='lat' dir='ltr'>enim</span> <span class='ocrx_word' id='word_1_166' title='bbox 878 2933 989 3004; x_wconf 88' lang='lat' dir='ltr'>quare</span> <span class='ocrx_word' id='word_1_167' title='bbox 1008 2911 1216 3005; x_wconf 84' lang='lat' dir='ltr'>pastoribus</span> <span class='ocrx_word' id='word_1_168' title='bbox 1233 2910 1373 2984; x_wconf 89' lang='lat' dir='ltr'>nostris</span> 
     </span>
     <span class='ocr_line' id='line_1_24' title="bbox 333 3021 1373 3118; baseline -0.004 -19"><span class='ocrx_word' id='word_1_169' title='bbox 333 3024 579 3099; x_wconf 89' lang='lat' dir='ltr'>obediendum</span> <span class='ocrx_word' id='word_1_170' title='bbox 596 3024 656 3111; x_wconf 90' lang='lat' dir='ltr'>sit,</span> <span class='ocrx_word' id='word_1_171' title='bbox 674 3046 748 3094; x_wconf 90' lang='lat' dir='ltr'>non</span> <span class='ocrx_word' id='word_1_172' title='bbox 767 3021 914 3094; x_wconf 87' lang='lat' dir='ltr'>ducitur</span> <span class='ocrx_word' id='word_1_173' title='bbox 931 3047 954 3095; x_wconf 90' lang='lat' dir='ltr'>a</span> <span class='ocrx_word' id='word_1_174' title='bbox 968 3023 1153 3095; x_wconf 91' lang='lat' dir='ltr'>voluntate</span> <span class='ocrx_word' id='word_1_175' title='bbox 1168 3034 1205 3095; x_wconf 89' lang='lat' dir='ltr'>et</span> <span class='ocrx_word' id='word_1_176' title='bbox 1218 3023 1373 3118; x_wconf 90' lang='lat' dir='ltr'>imperio</span> 
     </span>
     <span class='ocr_line' id='line_1_25' title="bbox 333 3135 1373 3237; baseline -0.004 -25"><span class='ocrx_word' id='word_1_177' title='bbox 333 3150 534 3237; x_wconf 91' lang='lat' dir='ltr'>pastorum,</span> <span class='ocrx_word' id='word_1_178' title='bbox 554 3135 617 3209; x_wconf 90' lang='lat' dir='ltr'>sed</span> <span class='ocrx_word' id='word_1_179' title='bbox 636 3135 852 3207; x_wconf 88' lang='lat' dir='ltr'>abeneficio</span> <span class='ocrx_word' id='word_1_180' title='bbox 880 3135 977 3229; x_wconf 90' lang='lat' dir='ltr'>quod</span> <span class='ocrx_word' id='word_1_181' title='bbox 995 3135 1064 3230; x_wconf 92' lang='lat' dir='ltr'>ipsi</span> <span class='ocrx_word' id='word_1_182' title='bbox 1082 3135 1167 3206; x_wconf 86' lang='lat' dir='ltr'>inde</span> <span class='ocrx_word' id='word_1_183' title='bbox 1184 3137 1373 3231; x_wconf 89' lang='lat' dir='ltr'>accepturi</span> 
     </span>
     <span class='ocr_line' id='line_1_26' title="bbox 334 3248 1373 3344; baseline -0.003 -19"><span class='ocrx_word' id='word_1_184' title='bbox 334 3275 469 3338; x_wconf 86' lang='lat' dir='ltr'>sumus,</span> <span class='ocrx_word' id='word_1_185' title='bbox 505 3273 636 3344; x_wconf 88' lang='lat' dir='ltr'>nempe</span> <span class='ocrx_word' id='word_1_186' title='bbox 670 3248 716 3320; x_wconf 90' lang='lat' dir='ltr'>ab</span> <span class='ocrx_word' id='word_1_187' title='bbox 751 3248 956 3319; x_wconf 87' lang='lat' dir='ltr'>animarum</span> <span class='ocrx_word' id='word_1_188' title='bbox 990 3258 1199 3321; x_wconf 89' lang='lat' dir='ltr'>nostrarum</span> <span class='ocrx_word' id='word_1_189' title='bbox 1242 3248 1373 3322; x_wconf 88' lang='lat' dir='ltr'>salute.</span> 
     </span>
     <span class='ocr_line' id='line_1_27' title="bbox 335 3359 1372 3457; baseline -0.003 -19"><span class='ocrx_word' id='word_1_190' title='bbox 335 3363 596 3457; x_wconf 85' lang='lat' dir='ltr'>Praeterea,qni</span> <span class='ocrx_word' id='word_1_191' title='bbox 607 3361 748 3456; x_wconf 83' lang='lat' dir='ltr'>legibus</span> <span class='ocrx_word' id='word_1_192' title='bbox 762 3359 910 3432; x_wconf 88' lang='lat' dir='ltr'>obedire</span> <span class='ocrx_word' id='word_1_193' title='bbox 925 3359 1147 3455; x_wconf 83' lang='lat' dir='ltr'>obligantur,</span> <span class='ocrx_word' id='word_1_194' title='bbox 1159 3361 1260 3456; x_wconf 86' lang='lat' dir='ltr'>leges</span> <span class='ocrx_word' id='word_1_195' title='bbox 1272 3362 1372 3457; x_wconf 77' lang='lat' dir='ltr'>ipsas</span> 
     </span>
     <span class='ocr_line' id='line_1_28' title="bbox 334 3472 1371 3572; baseline -0.004 -21"><span class='ocrx_word' id='word_1_196' title='bbox 334 3478 544 3551; x_wconf 86' lang='lat' dir='ltr'>examinare</span> <span class='ocrx_word' id='word_1_197' title='bbox 561 3500 634 3548; x_wconf 91' lang='lat' dir='ltr'>non</span> <span class='ocrx_word' id='word_1_198' title='bbox 654 3474 814 3556; x_wconf 88' lang='lat' dir='ltr'>debent;</span> <span class='ocrx_word' id='word_1_199' title='bbox 834 3472 899 3545; x_wconf 89' lang='lat' dir='ltr'>sed</span> <span class='ocrx_word' id='word_1_200' title='bbox 918 3474 955 3546; x_wconf 79' lang='lat' dir='ltr'>S.</span> <span class='ocrx_word' id='word_1_201' title='bbox 974 3474 1174 3563; x_wconf 63' lang='lat' dir='ltr'>lohannes</span> <span class='ocrx_word' id='word_1_202' title='bbox 1197 3477 1231 3565; x_wconf 93' lang='lat' dir='ltr'>(l</span> <span class='ocrx_word' id='word_1_203' title='bbox 1254 3476 1371 3572; x_wconf 90' lang='lat' dir='ltr'>Epist.</span> 
     </span>
     <span class='ocr_line' id='line_1_29' title="bbox 334 3586 1373 3686; baseline -0.004 -22"><span class='ocrx_word' id='word_1_204' title='bbox 334 3593 382 3664; x_wconf 92' lang='lat' dir='ltr'>iv.</span> <span class='ocrx_word' id='word_1_205' title='bbox 407 3590 452 3682; x_wconf 90' lang='lat' dir='ltr'>l,)</span> <span class='ocrx_word' id='word_1_206' title='bbox 473 3615 518 3662; x_wconf 86' lang='lat' dir='ltr'>me</span> <span class='ocrx_word' id='word_1_207' title='bbox 537 3588 717 3675; x_wconf 75' lang='lat' dir='ltr'>credatis,</span> <span class='ocrx_word' id='word_1_208' title='bbox 736 3587 867 3683; x_wconf 89' lang='lat' dir='ltr'>inquit,</span> <span class='ocrx_word' id='word_1_209' title='bbox 891 3587 987 3659; x_wconf 83' lang='lat' dir='ltr'>omm&#39;</span> <span class='ocrx_word' id='word_1_210' title='bbox 1004 3586 1171 3684; x_wconf 76' lang='lat' dir='ltr'>spiritui,</span> <span class='ocrx_word' id='word_1_211' title='bbox 1198 3589 1269 3660; x_wconf 81' lang='lat' dir='ltr'>ced</span> <span class='ocrx_word' id='word_1_212' title='bbox 1278 3613 1373 3686; x_wconf 81' lang='lat' dir='ltr'>pro·</span> 
     </span>
     <span class='ocr_line' id='line_1_30' title="bbox 335 3698 1374 3799; baseline -0.004 -21"><span class='ocrx_word' id='word_1_213' title='bbox 335 3705 423 3778; x_wconf 82' lang='lat' dir='ltr'>bute</span> <span class='ocrx_word' id='word_1_214' title='bbox 453 3702 625 3799; x_wconf 80' lang='lat' dir='ltr'>spiritua,</span> <span class='ocrx_word' id='word_1_215' title='bbox 644 3725 693 3772; x_wconf 86' lang='lat' dir='ltr'>on</span> <span class='ocrx_word' id='word_1_216' title='bbox 726 3725 773 3772; x_wconf 80' lang='lat' dir='ltr'>cx</span> <span class='ocrx_word' id='word_1_217' title='bbox 801 3701 882 3772; x_wconf 88' lang='lat' dir='ltr'>Dco</span> <span class='ocrx_word' id='word_1_218' title='bbox 909 3698 1011 3771; x_wconf 78' lang='lat' dir='ltr'>siut:</span> <span class='ocrx_word' id='word_1_219' title='bbox 1038 3724 1123 3771; x_wconf 84' lang='lat' dir='ltr'>mom</span> <span class='ocrx_word' id='word_1_220' title='bbox 1141 3699 1247 3773; x_wconf 85' lang='lat' dir='ltr'>multi</span> <span class='ocrx_word' id='word_1_221' title='bbox 1258 3726 1374 3798; x_wconf 81' lang='lat' dir='ltr'>preu-</span> 
     </span>
     <span class='ocr_line' id='line_1_31' title="bbox 335 3811 1372 3916; baseline -0.002 -26"><span class='ocrx_word' id='word_1_222' title='bbox 335 3816 581 3916; x_wconf 80' lang='lat' dir='ltr'>doproplretcc</span> <span class='ocrx_word' id='word_1_223' title='bbox 607 3812 840 3886; x_wconf 73' lang='lat' dir='ltr'>veneronum</span> <span class='ocrx_word' id='word_1_224' title='bbox 858 3811 1038 3884; x_wconf 81' lang='lat' dir='ltr'>muudum.</span> <span class='ocrx_word' id='word_1_225' title='bbox 1091 3811 1243 3886; x_wconf 85' lang='lat' dir='ltr'>Constat</span> <span class='ocrx_word' id='word_1_226' title='bbox 1270 3838 1372 3911; x_wconf 84' lang='lat' dir='ltr'>ergo,</span> 
     </span>
     <span class='ocr_line' id='line_1_32' title="bbox 334 3923 1372 4026; baseline -0.001 -24"><span class='ocrx_word' id='word_1_227' title='bbox 334 3941 524 4026; x_wconf 86' lang='lat' dir='ltr'>pastorum</span> <span class='ocrx_word' id='word_1_228' title='bbox 558 3949 708 4000; x_wconf 90' lang='lat' dir='ltr'>suorum</span> <span class='ocrx_word' id='word_1_229' title='bbox 743 3923 929 3996; x_wconf 88' lang='lat' dir='ltr'>doctrinas</span> <span class='ocrx_word' id='word_1_230' title='bbox 963 3947 1070 4018; x_wconf 88' lang='lat' dir='ltr'>posse</span> <span class='ocrx_word' id='word_1_231' title='bbox 1104 3948 1126 3996; x_wconf 91' lang='lat' dir='ltr'>a</span> <span class='ocrx_word' id='word_1_232' title='bbox 1155 3924 1372 4001; x_wconf 83' lang='lat' dir='ltr'>Christianis</span> 
     </span>
     <span class='ocr_line' id='line_1_33' title="bbox 335 4035 1373 4136; baseline 0 -21"><span class='ocrx_word' id='word_1_233' title='bbox 335 4042 544 4116; x_wconf 89' lang='lat' dir='ltr'>hominibus</span> <span class='ocrx_word' id='word_1_234' title='bbox 562 4037 766 4134; x_wconf 89' lang='lat' dir='ltr'>disputari:</span> <span class='ocrx_word' id='word_1_235' title='bbox 794 4035 859 4107; x_wconf 89' lang='lat' dir='ltr'>sed</span> <span class='ocrx_word' id='word_1_236' title='bbox 877 4036 977 4130; x_wconf 86' lang='lat' dir='ltr'>leges</span> <span class='ocrx_word' id='word_1_237' title='bbox 1005 4060 1143 4125; x_wconf 90' lang='lat' dir='ltr'>eorum,</span> <span class='ocrx_word' id='word_1_238' title='bbox 1163 4039 1225 4133; x_wconf 91' lang='lat' dir='ltr'>qui</span> <span class='ocrx_word' id='word_1_239' title='bbox 1251 4052 1373 4136; x_wconf 90' lang='lat' dir='ltr'>potes·</span> 
     </span>
    </p>
   </div>
   <div class='ocr_carea' id='block_1_3' title="bbox 334 4150 1373 4359">
    <p class='ocr_par' dir='ltr' id='par_1_3' title="bbox 334 4150 1373 4359">
     <span class='ocr_line' id='line_1_34' title="bbox 334 4150 1372 4250; baseline -0.002 -20"><span class='ocrx_word' id='word_1_240' title='bbox 334 4168 450 4229; x_wconf 84' lang='lat' dir='ltr'>tatem</span> <span class='ocrx_word' id='word_1_241' title='bbox 468 4153 611 4227; x_wconf 86' lang='lat' dir='ltr'>civilem</span> <span class='ocrx_word' id='word_1_242' title='bbox 629 4174 809 4224; x_wconf 88' lang='lat' dir='ltr'>summam</span> <span class='ocrx_word' id='word_1_243' title='bbox 826 4150 975 4236; x_wconf 88' lang='lat' dir='ltr'>babent,</span> <span class='ocrx_word' id='word_1_244' title='bbox 996 4150 1174 4247; x_wconf 89' lang='lat' dir='ltr'>disputari</span> <span class='ocrx_word' id='word_1_245' title='bbox 1191 4153 1269 4227; x_wconf 88' lang='lat' dir='ltr'>sine</span> <span class='ocrx_word' id='word_1_246' title='bbox 1284 4178 1372 4250; x_wconf 87' lang='lat' dir='ltr'>peo-</span> 
     </span>
     <span class='ocr_line' id='line_1_35' title="bbox 336 4262 1373 4359; baseline -0.001 -17"><span class='ocrx_word' id='word_1_247' title='bbox 336 4280 419 4342; x_wconf 86' lang='lat' dir='ltr'>cato</span> <span class='ocrx_word' id='word_1_248' title='bbox 438 4293 461 4340; x_wconf 85' lang='lat' dir='ltr'>a</span> <span class='ocrx_word' id='word_1_249' title='bbox 479 4266 634 4340; x_wconf 87' lang='lat' dir='ltr'>subditis</span> <span class='ocrx_word' id='word_1_250' title='bbox 660 4264 733 4336; x_wconf 88' lang='lat' dir='ltr'>suis</span> <span class='ocrx_word' id='word_1_251' title='bbox 751 4286 825 4335; x_wconf 91' lang='lat' dir='ltr'>non</span> <span class='ocrx_word' id='word_1_252' title='bbox 843 4285 962 4359; x_wconf 88' lang='lat' dir='ltr'>posse.</span> <span class='ocrx_word' id='word_1_253' title='bbox 1015 4262 1162 4358; x_wconf 88' lang='lat' dir='ltr'>Alioqui</span> <span class='ocrx_word' id='word_1_254' title='bbox 1179 4267 1275 4340; x_wconf 91' lang='lat' dir='ltr'>enim</span> <span class='ocrx_word' id='word_1_255' title='bbox 1286 4269 1373 4341; x_wconf 89' lang='lat' dir='ltr'>ciri-</span> 
     </span>
    </p>
   </div>
   <div class='ocr_carea' id='block_1_4' title="bbox 0 0 1475 4980">
    <p class='ocr_par' dir='ltr' id='par_1_4' title="bbox 0 0 1475 4980">
     <span class='ocr_line' id='line_1_36' title="bbox 0 0 1475 4980; baseline 0 0"><span class='ocrx_word' id='word_1_256' title='bbox 0 0 1475 4980; x_wconf 95' lang='lat' dir='ltr'> </span> 
     </span>
    </p>
   </div>
  </div>
 </body>
</html>
