<?xml version="1.0" encoding="UTF-8"?>
<!DOCTYPE html PUBLIC "-//W3C//DTD XHTML 1.0 Transitional//EN"
    "http://www.w3.org/TR/xhtml1/DTD/xhtml1-transitional.dtd">
<html xmlns="http://www.w3.org/1999/xhtml" xml:lang="en" lang="en">
 <head>
  <title>
</title>
<meta http-equiv="Content-Type" content="text/html;charset=utf-8" />
  <meta name='ocr-system' content='tesseract 3.04.00' />
  <meta name='ocr-capabilities' content='ocr_page ocr_carea ocr_par ocr_line ocrx_word'/>
</head>
<body>
  <div class='ocr_page' id='page_1' title='image "./thomhobbesmalme02hobbgoog_0305.png"; bbox 0 0 2926 4980; ppageno 0'>
   <div class='ocr_carea' id='block_1_1' title="bbox 313 377 1114 444">
    <p class='ocr_par' dir='ltr' id='par_1_1' title="bbox 313 377 1114 444">
     <span class='ocr_line' id='line_1_1' title="bbox 313 377 1114 444; baseline 0.001 -3"><span class='ocrx_word' id='word_1_1' title='bbox 313 377 385 444; x_wconf 85' lang='lat'>306</span> <span class='ocrx_word' id='word_1_2' title='bbox 556 392 610 443; x_wconf 79' lang='lat' dir='ltr'>ou</span> <span class='ocrx_word' id='word_1_3' title='bbox 629 391 824 443; x_wconf 79' lang='lat' dir='ltr'>crvrrnrn</span> <span class='ocrx_word' id='word_1_4' title='bbox 845 390 1114 443; x_wconf 78' lang='lat' dir='ltr'>cunrsrmux.</span> 
     </span>
    </p>
   </div>
   <div class='ocr_carea' id='block_1_2' title="bbox 93 556 1361 4280">
    <p class='ocr_par' dir='ltr' id='par_1_2' title="bbox 93 556 1360 656">
     <span class='ocr_line' id='line_1_2' title="bbox 93 556 1360 656; baseline 0.001 -26"><span class='ocrx_word' id='word_1_5' title='bbox 93 590 299 641; x_wconf 51' lang='lat' dir='ltr'>niumm,</span> <span class='ocrx_word' id='word_1_6' title='bbox 312 582 390 630; x_wconf 87' lang='lat' dir='ltr'>meo</span> <span class='ocrx_word' id='word_1_7' title='bbox 421 583 536 655; x_wconf 80' lang='lat' dir='ltr'>super</span> <span class='ocrx_word' id='word_1_8' title='bbox 567 583 704 630; x_wconf 82' lang='lat' dir='ltr'>omnem</span> <span class='ocrx_word' id='word_1_9' title='bbox 731 583 892 644; x_wconf 85' lang='lat' dir='ltr'>caruem,</span> <span class='ocrx_word' id='word_1_10' title='bbox 911 568 949 631; x_wconf 90' lang='lat' dir='ltr'>et</span> <span class='ocrx_word' id='word_1_11' title='bbox 971 557 1257 656; x_wconf 79' lang='lat' dir='ltr'>prophetabunt</span> <span class='ocrx_word' id='word_1_12' title='bbox 1272 556 1360 648; x_wconf 75' lang='lat' dir='ltr'>filii</span> 
     </span>
    </p>

    <p class='ocr_par' dir='ltr' id='par_1_3' title="bbox 112 671 1360 779">
     <span class='ocr_line' id='line_1_3' title="bbox 112 671 1360 779; baseline 0.002 -37"><span class='ocrx_word' id='word_1_13' title='bbox 112 673 277 779; x_wconf 46' lang='lat' dir='ltr'>Dm</span> <span class='ocrx_word' id='word_1_14' title='bbox 311 671 441 760; x_wconf 76' lang='lat' dir='ltr'>uestri,</span> <span class='ocrx_word' id='word_1_15' title='bbox 460 672 603 765; x_wconf 79' lang='lat' dir='ltr'>etfliioe</span> <span class='ocrx_word' id='word_1_16' title='bbox 619 682 764 761; x_wconf 75' lang='lat' dir='ltr'>uentre,</span> <span class='ocrx_word' id='word_1_17' title='bbox 783 697 890 743; x_wconf 76' lang='lat' dir='ltr'>certer</span> <span class='ocrx_word' id='word_1_18' title='bbox 906 672 1025 745; x_wconf 77' lang='lat' dir='ltr'>vestri</span> <span class='ocrx_word' id='word_1_19' title='bbox 1038 672 1181 744; x_wconf 75' lang='lat' dir='ltr'>somnia</span> <span class='ocrx_word' id='word_1_20' title='bbox 1196 673 1360 744; x_wconf 84' lang='lat' dir='ltr'>somnia-</span> 
     </span>
    </p>

    <p class='ocr_par' dir='ltr' id='par_1_4' title="bbox 115 783 1361 2355">
     <span class='ocr_line' id='line_1_4' title="bbox 115 783 1361 878; baseline 0.001 -21"><span class='ocrx_word' id='word_1_21' title='bbox 115 799 269 857; x_wconf 54' lang='lat' dir='ltr'>anama.</span> <span class='ocrx_word' id='word_1_22' title='bbox 312 783 412 873; x_wconf 82' lang='lat' dir='ltr'>buut,</span> <span class='ocrx_word' id='word_1_23' title='bbox 430 794 468 857; x_wconf 82' lang='lat' dir='ltr'>et</span> <span class='ocrx_word' id='word_1_24' title='bbox 475 786 634 878; x_wconf 78' lang='lat' dir='ltr'>juvenes</span> <span class='ocrx_word' id='word_1_25' title='bbox 651 785 770 858; x_wconf 80' lang='lat' dir='ltr'>uestri</span> <span class='ocrx_word' id='word_1_26' title='bbox 788 784 951 856; x_wconf 78' lang='lat' dir='ltr'>visiones</span> <span class='ocrx_word' id='word_1_27' title='bbox 968 784 1144 857; x_wconf 83' lang='lat' dir='ltr'>videbunt</span> <span class='ocrx_word' id='word_1_28' title='bbox 1159 813 1173 868; x_wconf 91' lang='lat'><em>;</em></span> <span class='ocrx_word' id='word_1_29' title='bbox 1198 786 1262 859; x_wconf 88' lang='lat' dir='ltr'>ubi</span> <span class='ocrx_word' id='word_1_30' title='bbox 1279 809 1361 858; x_wconf 89' lang='lat' dir='ltr'>rur-</span> 
     </span>
     <span class='ocr_line' id='line_1_5' title="bbox 311 898 1360 995; baseline 0.001 -25"><span class='ocrx_word' id='word_1_31' title='bbox 311 920 372 971; x_wconf 88' lang='lat' dir='ltr'>sus</span> <span class='ocrx_word' id='word_1_32' title='bbox 388 899 583 994; x_wconf 85' lang='lat' dir='ltr'>prophetia</span> <span class='ocrx_word' id='word_1_33' title='bbox 609 899 805 995; x_wconf 87' lang='lat' dir='ltr'>exponitur</span> <span class='ocrx_word' id='word_1_34' title='bbox 821 920 888 995; x_wconf 89' lang='lat' dir='ltr'>per</span> <span class='ocrx_word' id='word_1_35' title='bbox 905 898 1047 970; x_wconf 82' lang='lat' dir='ltr'>ramniu</span> <span class='ocrx_word' id='word_1_36' title='bbox 1078 909 1116 971; x_wconf 91' lang='lat' dir='ltr'>et</span> <span class='ocrx_word' id='word_1_37' title='bbox 1139 898 1302 971; x_wconf 72' lang='lat' dir='ltr'><em>visiones</em></span> <span class='ocrx_word' id='word_1_38' title='bbox 1320 911 1360 971; x_wconf 89' lang='lat' dir='ltr'>et</span> 
     </span>
     <span class='ocr_line' id='line_1_6' title="bbox 309 1012 1361 1108; baseline 0.004 -26"><span class='ocrx_word' id='word_1_39' title='bbox 309 1012 498 1108; x_wconf 74' lang='lat' dir='ltr'>spiritum.</span> <span class='ocrx_word' id='word_1_40' title='bbox 562 1012 657 1085; x_wconf 89' lang='lat' dir='ltr'><strong>Item</strong></span> <span class='ocrx_word' id='word_1_41' title='bbox 684 1012 831 1107; x_wconf 91' lang='lat' dir='ltr'>quando</span> <span class='ocrx_word' id='word_1_42' title='bbox 854 1013 953 1085; x_wconf 89' lang='lat' dir='ltr'>Deus</span> <span class='ocrx_word' id='word_1_43' title='bbox 975 1013 1163 1086; x_wconf 87' lang='lat' dir='ltr'>Salomoni</span> <span class='ocrx_word' id='word_1_44' title='bbox 1191 1012 1361 1108; x_wconf 79' lang='lat' dir='ltr'>promisit</span> 
     </span>
     <span class='ocr_line' id='line_1_7' title="bbox 308 1125 1360 1221; baseline 0.001 -24"><span class='ocrx_word' id='word_1_45' title='bbox 308 1125 536 1221; x_wconf 84' lang='lat' dir='ltr'>sapientiam,</span> <span class='ocrx_word' id='word_1_46' title='bbox 564 1126 746 1198; x_wconf 91' lang='lat' dir='ltr'>somnium</span> <span class='ocrx_word' id='word_1_47' title='bbox 781 1136 872 1212; x_wconf 88' lang='lat' dir='ltr'>erat,</span> <span class='ocrx_word' id='word_1_48' title='bbox 904 1135 947 1198; x_wconf 90' lang='lat' dir='ltr'>ut</span> <span class='ocrx_word' id='word_1_49' title='bbox 982 1138 1128 1197; x_wconf 87' lang='lat' dir='ltr'>constat</span> <span class='ocrx_word' id='word_1_50' title='bbox 1163 1150 1209 1198; x_wconf 92' lang='lat' dir='ltr'>ex</span> <span class='ocrx_word' id='word_1_51' title='bbox 1238 1125 1360 1198; x_wconf 89' lang='lat' dir='ltr'>verbis</span> 
     </span>
     <span class='ocr_line' id='line_1_8' title="bbox 308 1237 1360 1336; baseline 0.001 -26"><span class='ocrx_word' id='word_1_52' title='bbox 308 1237 409 1334; x_wconf 92' lang='lat' dir='ltr'>ipsis,</span> <span class='ocrx_word' id='word_1_53' title='bbox 431 1238 465 1329; x_wconf 93' lang='lat' dir='ltr'>(l</span> <span class='ocrx_word' id='word_1_54' title='bbox 488 1240 579 1334; x_wconf 85' lang='lat' dir='ltr'>Reg.</span> <span class='ocrx_word' id='word_1_55' title='bbox 594 1239 644 1312; x_wconf 90' lang='lat' dir='ltr'>iii.</span> <span class='ocrx_word' id='word_1_56' title='bbox 668 1240 728 1332; x_wconf 88' lang='lat'>15)</span> <span class='ocrx_word' id='word_1_57' title='bbox 747 1268 755 1310; x_wconf 74' lang='grc' dir='ltr'>ε</span> <span class='ocrx_word' id='word_1_58' title='bbox 775 1238 973 1336; x_wconf 79' lang='lat' dir='ltr'>evigilavit</span> <span class='ocrx_word' id='word_1_59' title='bbox 987 1239 1171 1328; x_wconf 83' lang='lat' dir='ltr'>Salomon,</span> <span class='ocrx_word' id='word_1_60' title='bbox 1190 1249 1228 1311; x_wconf 89' lang='lat' dir='ltr'>et</span> <span class='ocrx_word' id='word_1_61' title='bbox 1246 1237 1360 1311; x_wconf 84' lang='lat' dir='ltr'>iutel-</span> 
     </span>
     <span class='ocr_line' id='line_1_9' title="bbox 310 1350 1361 1448; baseline 0.002 -24"><span class='ocrx_word' id='word_1_62' title='bbox 310 1350 405 1424; x_wconf 81' lang='lat' dir='ltr'>lecit</span> <span class='ocrx_word' id='word_1_63' title='bbox 431 1352 530 1446; x_wconf 82' lang='lat' dir='ltr'>quod</span> <span class='ocrx_word' id='word_1_64' title='bbox 553 1362 654 1424; x_wconf 81' lang='lat' dir='ltr'>caret</span> <span class='ocrx_word' id='word_1_65' title='bbox 679 1352 867 1424; x_wconf 77' lang='lat' dir='ltr'>somnium.</span> <span class='ocrx_word' id='word_1_66' title='bbox 920 1352 1160 1425; x_wconf 86' lang='lat' dir='ltr'>Manifestum</span> <span class='ocrx_word' id='word_1_67' title='bbox 1186 1376 1276 1448; x_wconf 87' lang='lat' dir='ltr'>ergo</span> <span class='ocrx_word' id='word_1_68' title='bbox 1301 1364 1361 1426; x_wconf 89' lang='lat' dir='ltr'>est</span> 
     </span>
     <span class='ocr_line' id='line_1_10' title="bbox 310 1464 1361 1560; baseline 0.001 -24"><span class='ocrx_word' id='word_1_69' title='bbox 310 1465 507 1560; x_wconf 87' lang='lat' dir='ltr'>prophetas</span> <span class='ocrx_word' id='word_1_70' title='bbox 533 1464 844 1537; x_wconf 89' lang='lat' dir='ltr'>extraordinarios</span> <span class='ocrx_word' id='word_1_71' title='bbox 870 1464 1015 1536; x_wconf 86' lang='lat' dir='ltr'>Veteris</span> <span class='ocrx_word' id='word_1_72' title='bbox 1041 1465 1268 1537; x_wconf 88' lang='lat' dir='ltr'>Testamenti</span> <span class='ocrx_word' id='word_1_73' title='bbox 1294 1488 1361 1537; x_wconf 92' lang='lat' dir='ltr'>vo-</span> 
     </span>
     <span class='ocr_line' id='line_1_11' title="bbox 310 1578 1360 1675; baseline 0.001 -24"><span class='ocrx_word' id='word_1_74' title='bbox 310 1602 391 1651; x_wconf 90' lang='lat' dir='ltr'>cem</span> <span class='ocrx_word' id='word_1_75' title='bbox 408 1579 478 1652; x_wconf 89' lang='lat' dir='ltr'>Dei</span> <span class='ocrx_word' id='word_1_76' title='bbox 491 1604 566 1652; x_wconf 92' lang='lat' dir='ltr'>non</span> <span class='ocrx_word' id='word_1_77' title='bbox 584 1579 691 1651; x_wconf 89' lang='lat' dir='ltr'>aliter</span> <span class='ocrx_word' id='word_1_78' title='bbox 708 1578 943 1667; x_wconf 86' lang='lat' dir='ltr'>intellexisse,</span> <span class='ocrx_word' id='word_1_79' title='bbox 955 1603 1065 1675; x_wconf 90' lang='lat' dir='ltr'>quam</span> <span class='ocrx_word' id='word_1_80' title='bbox 1077 1604 1143 1675; x_wconf 90' lang='lat' dir='ltr'>per</span> <span class='ocrx_word' id='word_1_81' title='bbox 1161 1580 1304 1652; x_wconf 77' lang='lat' dir='ltr'>suueuia</span> <span class='ocrx_word' id='word_1_82' title='bbox 1322 1592 1360 1652; x_wconf 91' lang='lat' dir='ltr'>et</span> 
     </span>
     <span class='ocr_line' id='line_1_12' title="bbox 310 1692 1360 1788; baseline 0.001 -24"><span class='ocrx_word' id='word_1_83' title='bbox 310 1692 484 1781; x_wconf 75' lang='lat' dir='ltr'>visiones,</span> <span class='ocrx_word' id='word_1_84' title='bbox 498 1692 537 1764; x_wconf 92' lang='lat' dir='ltr'>id</span> <span class='ocrx_word' id='word_1_85' title='bbox 555 1704 622 1780; x_wconf 90' lang='lat' dir='ltr'>est,</span> <span class='ocrx_word' id='word_1_86' title='bbox 634 1717 658 1764; x_wconf 90' lang='lat' dir='ltr'>a</span> <span class='ocrx_word' id='word_1_87' title='bbox 669 1692 873 1788; x_wconf 86' lang='lat' dir='ltr'>phantasiis</span> <span class='ocrx_word' id='word_1_88' title='bbox 887 1693 1235 1788; x_wconf 89' lang='lat' dir='ltr'>supernaturalibus.</span> <span class='ocrx_word' id='word_1_89' title='bbox 1264 1693 1360 1768; x_wconf 81' lang='lat' dir='ltr'>Quae</span> 
     </span>
     <span class='ocr_line' id='line_1_13' title="bbox 310 1804 1359 1901; baseline 0.002 -23"><span class='ocrx_word' id='word_1_90' title='bbox 310 1806 537 1878; x_wconf 88' lang='lat' dir='ltr'>vocabantur</span> <span class='ocrx_word' id='word_1_91' title='bbox 567 1805 679 1877; x_wconf 90' lang='lat' dir='ltr'>etiam</span> <span class='ocrx_word' id='word_1_92' title='bbox 708 1805 870 1901; x_wconf 79' lang='lat' dir='ltr'>spiritur</span> <span class='ocrx_word' id='word_1_93' title='bbox 898 1804 987 1894; x_wconf 88' lang='lat' dir='ltr'>Dei,</span> <span class='ocrx_word' id='word_1_94' title='bbox 1014 1816 1057 1879; x_wconf 92' lang='lat' dir='ltr'>ut</span> <span class='ocrx_word' id='word_1_95' title='bbox 1087 1806 1197 1879; x_wconf 88' lang='lat' dir='ltr'>Zach.</span> <span class='ocrx_word' id='word_1_96' title='bbox 1216 1807 1277 1878; x_wconf 91' lang='lat' dir='ltr'>vii.</span> <span class='ocrx_word' id='word_1_97' title='bbox 1300 1816 1359 1896; x_wconf 83' lang='lat'>12,</span> 
     </span>
     <span class='ocr_line' id='line_1_14' title="bbox 310 1917 1358 2014; baseline 0.001 -23"><span class='ocrx_word' id='word_1_98' title='bbox 310 1919 373 1992; x_wconf 91' lang='lat' dir='ltr'>ubi</span> <span class='ocrx_word' id='word_1_99' title='bbox 392 1917 481 1991; x_wconf 90' lang='lat' dir='ltr'>dicit</span> <span class='ocrx_word' id='word_1_100' title='bbox 498 1919 613 1991; x_wconf 91' lang='lat' dir='ltr'>Deus:</span> <span class='ocrx_word' id='word_1_101' title='bbox 632 1942 698 1990; x_wconf 85' lang='lat' dir='ltr'>cor</span> <span class='ocrx_word' id='word_1_102' title='bbox 712 1941 814 1989; x_wconf 82' lang='lat' dir='ltr'>suum</span> <span class='ocrx_word' id='word_1_103' title='bbox 824 1928 1034 2014; x_wconf 85' lang='lat' dir='ltr'>posueruut</span> <span class='ocrx_word' id='word_1_104' title='bbox 1052 1920 1095 2003; x_wconf 78' lang='lat' dir='ltr'>iu</span> <span class='ocrx_word' id='word_1_105' title='bbox 1109 1920 1358 2009; x_wconf 82' lang='lat' dir='ltr'>adamantem,</span> 
     </span>
     <span class='ocr_line' id='line_1_15' title="bbox 310 2031 1359 2130; baseline 0.001 -26"><span class='ocrx_word' id='word_1_106' title='bbox 310 2057 356 2104; x_wconf 84' lang='lat' dir='ltr'>ue</span> <span class='ocrx_word' id='word_1_107' title='bbox 387 2032 565 2104; x_wconf 74' lang='lat' dir='ltr'>erudirent</span> <span class='ocrx_word' id='word_1_108' title='bbox 593 2032 713 2129; x_wconf 81' lang='lat' dir='ltr'>legem</span> <span class='ocrx_word' id='word_1_109' title='bbox 741 2041 778 2102; x_wconf 85' lang='lat' dir='ltr'>et</span> <span class='ocrx_word' id='word_1_110' title='bbox 800 2031 914 2104; x_wconf 82' lang='lat' dir='ltr'>uerba</span> <span class='ocrx_word' id='word_1_111' title='bbox 937 2058 1020 2130; x_wconf 76' lang='lat' dir='ltr'>quce</span> <span class='ocrx_word' id='word_1_112' title='bbox 1050 2035 1153 2106; x_wconf 76' lang='lat' dir='ltr'>misit</span> <span class='ocrx_word' id='word_1_113' title='bbox 1176 2034 1359 2107; x_wconf 79' lang='lat' dir='ltr'>Dominus</span> 
     </span>
     <span class='ocr_line' id='line_1_16' title="bbox 311 2145 1358 2244; baseline 0.001 -26"><span class='ocrx_word' id='word_1_114' title='bbox 311 2146 541 2218; x_wconf 75' lang='lat' dir='ltr'>exercituum</span> <span class='ocrx_word' id='word_1_115' title='bbox 561 2145 598 2217; x_wconf 86' lang='lat' dir='ltr'>iu</span> <span class='ocrx_word' id='word_1_116' title='bbox 617 2145 759 2242; x_wconf 76' lang='lat' dir='ltr'>spiritu</span> <span class='ocrx_word' id='word_1_117' title='bbox 784 2170 850 2216; x_wconf 78' lang='lat' dir='ltr'>ruo</span> <span class='ocrx_word' id='word_1_118' title='bbox 871 2155 1003 2218; x_wconf 79' lang='lat' dir='ltr'>euucto</span> <span class='ocrx_word' id='word_1_119' title='bbox 1018 2171 1092 2243; x_wconf 81' lang='lat' dir='ltr'>per</span> <span class='ocrx_word' id='word_1_120' title='bbox 1106 2172 1249 2219; x_wconf 81' lang='lat' dir='ltr'>manum</span> <span class='ocrx_word' id='word_1_121' title='bbox 1260 2171 1358 2244; x_wconf 82' lang='lat' dir='ltr'>pro-</span> 
     </span>
     <span class='ocr_line' id='line_1_17' title="bbox 309 2257 708 2355; baseline -0.003 -25"><span class='ocrx_word' id='word_1_122' title='bbox 309 2257 510 2355; x_wconf 79' lang='lat' dir='ltr'>phetarum</span> <span class='ocrx_word' id='word_1_123' title='bbox 521 2258 708 2354; x_wconf 81' lang='lat' dir='ltr'>priorum.</span> 
     </span>
    </p>

    <p class='ocr_par' dir='ltr' id='par_1_5' title="bbox 312 2371 1360 4280">
     <span class='ocr_line' id='line_1_18' title="bbox 365 2371 1360 2468; baseline 0.001 -23"><span class='ocrx_word' id='word_1_124' title='bbox 365 2372 631 2468; x_wconf 90' lang='lat' dir='ltr'>Prophetarum</span> <span class='ocrx_word' id='word_1_125' title='bbox 643 2383 767 2443; x_wconf 88' lang='lat' dir='ltr'>autem</span> <span class='ocrx_word' id='word_1_126' title='bbox 781 2371 819 2442; x_wconf 91' lang='lat' dir='ltr'>in</span> <span class='ocrx_word' id='word_1_127' title='bbox 833 2371 958 2443; x_wconf 90' lang='lat' dir='ltr'>Veteri</span> <span class='ocrx_word' id='word_1_128' title='bbox 970 2372 1207 2445; x_wconf 88' lang='lat' dir='ltr'>Testamenta</span> <span class='ocrx_word' id='word_1_129' title='bbox 1222 2374 1360 2446; x_wconf 91' lang='lat' dir='ltr'>haben-</span> 
     </span>
     <span class='ocr_line' id='line_1_19' title="bbox 313 2484 1358 2581; baseline 0.001 -23"><span class='ocrx_word' id='word_1_130' title='bbox 313 2487 406 2558; x_wconf 88' lang='lat' dir='ltr'>tium</span> <span class='ocrx_word' id='word_1_131' title='bbox 424 2485 655 2557; x_wconf 89' lang='lat' dir='ltr'>vocationem</span> <span class='ocrx_word' id='word_1_132' title='bbox 671 2495 897 2579; x_wconf 89' lang='lat' dir='ltr'>perpetuam,</span> <span class='ocrx_word' id='word_1_133' title='bbox 916 2484 977 2555; x_wconf 91' lang='lat' dir='ltr'>alii</span> <span class='ocrx_word' id='word_1_134' title='bbox 995 2485 1172 2581; x_wconf 76' lang='lat' dir='ltr'>supremi,</span> <span class='ocrx_word' id='word_1_135' title='bbox 1190 2486 1253 2558; x_wconf 91' lang='lat' dir='ltr'>alii</span> <span class='ocrx_word' id='word_1_136' title='bbox 1272 2487 1358 2559; x_wconf 79' lang='lat' dir='ltr'>rub-</span> 
     </span>
     <span class='ocr_line' id='line_1_20' title="bbox 313 2597 1357 2693; baseline 0.001 -22"><span class='ocrx_word' id='word_1_137' title='bbox 313 2597 484 2671; x_wconf 84' lang='lat' dir='ltr'>ordiuuti</span> <span class='ocrx_word' id='word_1_138' title='bbox 509 2609 625 2670; x_wconf 87' lang='lat' dir='ltr'>erant.</span> <span class='ocrx_word' id='word_1_139' title='bbox 679 2599 942 2692; x_wconf 90' lang='lat' dir='ltr'>Supremorum</span> <span class='ocrx_word' id='word_1_140' title='bbox 965 2599 1105 2693; x_wconf 89' lang='lat' dir='ltr'>primus</span> <span class='ocrx_word' id='word_1_141' title='bbox 1123 2612 1203 2672; x_wconf 86' lang='lat' dir='ltr'>erat</span> <span class='ocrx_word' id='word_1_142' title='bbox 1221 2600 1357 2690; x_wconf 91' lang='lat' dir='ltr'>Moses,</span> 
     </span>
     <span class='ocr_line' id='line_1_21' title="bbox 313 2710 1359 2808; baseline 0 -23"><span class='ocrx_word' id='word_1_143' title='bbox 313 2724 456 2808; x_wconf 89' lang='lat' dir='ltr'>etpost</span> <span class='ocrx_word' id='word_1_144' title='bbox 483 2735 567 2783; x_wconf 91' lang='lat' dir='ltr'>eum</span> <span class='ocrx_word' id='word_1_145' title='bbox 595 2712 723 2781; x_wconf 77' lang='lat' dir='ltr'>aremari</span> <span class='ocrx_word' id='word_1_146' title='bbox 746 2710 977 2799; x_wconf 75' lang='lat' dir='ltr'>sacerdotes,</span> <span class='ocrx_word' id='word_1_147' title='bbox 996 2735 1062 2783; x_wconf 91' lang='lat' dir='ltr'>suo</span> <span class='ocrx_word' id='word_1_148' title='bbox 1093 2712 1246 2807; x_wconf 90' lang='lat' dir='ltr'>quisque</span> <span class='ocrx_word' id='word_1_149' title='bbox 1264 2725 1359 2785; x_wconf 91' lang='lat' dir='ltr'>tem-</span> 
     </span>
     <span class='ocr_line' id='line_1_22' title="bbox 312 2822 1357 2923; baseline 0.002 -26"><span class='ocrx_word' id='word_1_150' title='bbox 312 2849 413 2922; x_wconf 89' lang='lat' dir='ltr'>pore,</span> <span class='ocrx_word' id='word_1_151' title='bbox 450 2823 537 2895; x_wconf 92' lang='lat' dir='ltr'>dum</span> <span class='ocrx_word' id='word_1_152' title='bbox 572 2822 816 2895; x_wconf 86' lang='lat' dir='ltr'>sacerdotium</span> <span class='ocrx_word' id='word_1_153' title='bbox 852 2823 974 2917; x_wconf 82' lang='lat' dir='ltr'>regale</span> <span class='ocrx_word' id='word_1_154' title='bbox 1009 2836 1100 2897; x_wconf 87' lang='lat' dir='ltr'>erat.</span> <span class='ocrx_word' id='word_1_155' title='bbox 1158 2825 1357 2923; x_wconf 90' lang='lat' dir='ltr'>Postquam</span> 
     </span>
     <span class='ocr_line' id='line_1_23' title="bbox 312 2936 1359 3032; baseline 0.002 -22"><span class='ocrx_word' id='word_1_156' title='bbox 312 2950 436 3011; x_wconf 89' lang='lat' dir='ltr'>autem</span> <span class='ocrx_word' id='word_1_157' title='bbox 459 2938 592 3032; x_wconf 83' lang='lat' dir='ltr'>jugum</span> <span class='ocrx_word' id='word_1_158' title='bbox 616 2937 686 3008; x_wconf 91' lang='lat' dir='ltr'>Dei</span> <span class='ocrx_word' id='word_1_159' title='bbox 703 2948 938 3008; x_wconf 86' lang='lat' dir='ltr'>excusserant</span> <span class='ocrx_word' id='word_1_160' title='bbox 956 2936 1143 3026; x_wconf 83' lang='lat' dir='ltr'>Israelitae,</span> <span class='ocrx_word' id='word_1_161' title='bbox 1163 2951 1201 3011; x_wconf 91' lang='lat' dir='ltr'>et</span> <span class='ocrx_word' id='word_1_162' title='bbox 1218 2940 1359 3014; x_wconf 87' lang='lat' dir='ltr'>factum</span> 
     </span>
     <span class='ocr_line' id='line_1_24' title="bbox 313 3050 1358 3150; baseline 0.002 -26"><span class='ocrx_word' id='word_1_163' title='bbox 313 3062 368 3124; x_wconf 91' lang='lat' dir='ltr'>est</span> <span class='ocrx_word' id='word_1_164' title='bbox 385 3052 544 3124; x_wconf 91' lang='lat' dir='ltr'>officium</span> <span class='ocrx_word' id='word_1_165' title='bbox 563 3051 694 3123; x_wconf 91' lang='lat' dir='ltr'>summi</span> <span class='ocrx_word' id='word_1_166' title='bbox 712 3050 913 3123; x_wconf 89' lang='lat' dir='ltr'>sacerdotis</span> <span class='ocrx_word' id='word_1_167' title='bbox 930 3051 1186 3135; x_wconf 89' lang='lat' dir='ltr'>ministeriale;</span> <span class='ocrx_word' id='word_1_168' title='bbox 1213 3055 1358 3150; x_wconf 90' lang='lat' dir='ltr'>quoties</span> 
     </span>
     <span class='ocr_line' id='line_1_25' title="bbox 314 3161 1359 3250; baseline 0.002 -14"><span class='ocrx_word' id='word_1_169' title='bbox 314 3162 558 3236; x_wconf 90' lang='lat' dir='ltr'>consulendus</span> <span class='ocrx_word' id='word_1_170' title='bbox 575 3173 655 3234; x_wconf 90' lang='lat' dir='ltr'>erat</span> <span class='ocrx_word' id='word_1_171' title='bbox 673 3162 783 3250; x_wconf 85' lang='lat' dir='ltr'>Deus,</span> <span class='ocrx_word' id='word_1_172' title='bbox 797 3161 1005 3233; x_wconf 89' lang='lat' dir='ltr'>sacerdotes</span> <span class='ocrx_word' id='word_1_173' title='bbox 1019 3164 1267 3236; x_wconf 80' lang='lat' dir='ltr'>israelitarum</span> <span class='ocrx_word' id='word_1_174' title='bbox 1279 3190 1359 3238; x_wconf 87' lang='lat' dir='ltr'>ves-</span> 
     </span>
     <span class='ocr_line' id='line_1_26' title="bbox 314 3274 1358 3368; baseline 0.002 -19"><span class='ocrx_word' id='word_1_175' title='bbox 314 3278 471 3349; x_wconf 88' lang='lat' dir='ltr'>timenta</span> <span class='ocrx_word' id='word_1_176' title='bbox 485 3298 589 3348; x_wconf 87' lang='lat' dir='ltr'>sacra</span> <span class='ocrx_word' id='word_1_177' title='bbox 602 3274 813 3362; x_wconf 88' lang='lat' dir='ltr'>induerunt,</span> <span class='ocrx_word' id='word_1_178' title='bbox 820 3286 858 3346; x_wconf 93' lang='lat' dir='ltr'>et</span> <span class='ocrx_word' id='word_1_179' title='bbox 871 3275 1135 3348; x_wconf 88' lang='lat' dir='ltr'>consuluerunt</span> <span class='ocrx_word' id='word_1_180' title='bbox 1148 3278 1358 3368; x_wconf 90' lang='lat' dir='ltr'>Dominum,</span> 
     </span>
     <span class='ocr_line' id='line_1_27' title="bbox 313 3389 1359 3488; baseline 0 -24"><span class='ocrx_word' id='word_1_181' title='bbox 313 3416 388 3464; x_wconf 89' lang='lat' dir='ltr'>non</span> <span class='ocrx_word' id='word_1_182' title='bbox 419 3414 485 3462; x_wconf 91' lang='lat' dir='ltr'>suo</span> <span class='ocrx_word' id='word_1_183' title='bbox 518 3389 682 3479; x_wconf 89' lang='lat' dir='ltr'>arbitrio,</span> <span class='ocrx_word' id='word_1_184' title='bbox 701 3389 766 3462; x_wconf 91' lang='lat' dir='ltr'>sed</span> <span class='ocrx_word' id='word_1_185' title='bbox 793 3390 898 3485; x_wconf 90' lang='lat' dir='ltr'>jussu</span> <span class='ocrx_word' id='word_1_186' title='bbox 929 3412 1111 3485; x_wconf 82' lang='lat' dir='ltr'>regum,a</span> <span class='ocrx_word' id='word_1_187' title='bbox 1136 3392 1268 3488; x_wconf 90' lang='lat' dir='ltr'>quibus</span> <span class='ocrx_word' id='word_1_188' title='bbox 1292 3392 1359 3464; x_wconf 84' lang='lat' dir='ltr'>ali-</span> 
     </span>
     <span class='ocr_line' id='line_1_28' title="bbox 314 3502 1359 3600; baseline 0.001 -23"><span class='ocrx_word' id='word_1_189' title='bbox 314 3503 461 3600; x_wconf 89' lang='lat' dir='ltr'>quando</span> <span class='ocrx_word' id='word_1_190' title='bbox 479 3504 590 3576; x_wconf 90' lang='lat' dir='ltr'>etiam</span> <span class='ocrx_word' id='word_1_191' title='bbox 607 3502 812 3577; x_wconf 84' lang='lat' dir='ltr'>sacerdotio</span> <span class='ocrx_word' id='word_1_192' title='bbox 829 3502 1080 3599; x_wconf 88' lang='lat' dir='ltr'>privabantur.</span> <span class='ocrx_word' id='word_1_193' title='bbox 1129 3503 1226 3577; x_wconf 90' lang='lat' dir='ltr'>Nam</span> <span class='ocrx_word' id='word_1_194' title='bbox 1253 3506 1359 3578; x_wconf 88' lang='lat' dir='ltr'>Saul·</span> 
     </span>
     <span class='ocr_line' id='line_1_29' title="bbox 313 3615 1358 3712; baseline 0.001 -23"><span class='ocrx_word' id='word_1_195' title='bbox 313 3642 356 3691; x_wconf 88' lang='lat' dir='ltr'>us</span> <span class='ocrx_word' id='word_1_196' title='bbox 377 3618 411 3709; x_wconf 89' lang='lat' dir='ltr'>(l</span> <span class='ocrx_word' id='word_1_197' title='bbox 436 3616 533 3688; x_wconf 88' lang='lat' dir='ltr'>Sam.</span> <span class='ocrx_word' id='word_1_198' title='bbox 552 3615 627 3688; x_wconf 88' lang='lat' dir='ltr'>xiii.</span> <span class='ocrx_word' id='word_1_199' title='bbox 644 3618 686 3710; x_wconf 89' lang='lat'>9)</span> <span class='ocrx_word' id='word_1_200' title='bbox 715 3616 971 3689; x_wconf 86' lang='lat' dir='ltr'>holocaustum</span> <span class='ocrx_word' id='word_1_201' title='bbox 996 3617 1118 3688; x_wconf 86' lang='lat' dir='ltr'>afferri</span> <span class='ocrx_word' id='word_1_202' title='bbox 1140 3619 1251 3712; x_wconf 89' lang='lat' dir='ltr'>jussit</span> <span class='ocrx_word' id='word_1_203' title='bbox 1277 3618 1358 3707; x_wconf 90' lang='lat' dir='ltr'>sibi,</span> 
     </span>
     <span class='ocr_line' id='line_1_30' title="bbox 314 3729 1359 3826; baseline 0.002 -24"><span class='ocrx_word' id='word_1_204' title='bbox 314 3743 352 3802; x_wconf 90' lang='lat' dir='ltr'>et</span> <span class='ocrx_word' id='word_1_205' title='bbox 373 3732 408 3820; x_wconf 93' lang='lat' dir='ltr'>(l</span> <span class='ocrx_word' id='word_1_206' title='bbox 440 3730 537 3802; x_wconf 89' lang='lat' dir='ltr'>Sam.</span> <span class='ocrx_word' id='word_1_207' title='bbox 565 3729 636 3802; x_wconf 88' lang='lat' dir='ltr'>xiv.</span> <span class='ocrx_word' id='word_1_208' title='bbox 669 3731 729 3824; x_wconf 88' lang='grc'>18)</span> <span class='ocrx_word' id='word_1_209' title='bbox 759 3729 939 3803; x_wconf 86' lang='lat' dir='ltr'>sacerdoti</span> <span class='ocrx_word' id='word_1_210' title='bbox 966 3730 1135 3826; x_wconf 90' lang='lat' dir='ltr'>imperat,</span> <span class='ocrx_word' id='word_1_211' title='bbox 1162 3744 1205 3804; x_wconf 92' lang='lat' dir='ltr'>ut</span> <span class='ocrx_word' id='word_1_212' title='bbox 1234 3756 1359 3805; x_wconf 87' lang='lat' dir='ltr'>arcam</span> 
     </span>
     <span class='ocr_line' id='line_1_31' title="bbox 314 3843 1358 3936; baseline 0 -19"><span class='ocrx_word' id='word_1_213' title='bbox 314 3845 462 3917; x_wconf 87' lang='lat' dir='ltr'>afferret</span> <span class='ocrx_word' id='word_1_214' title='bbox 488 3843 569 3932; x_wconf 90' lang='lat' dir='ltr'>sibi,</span> <span class='ocrx_word' id='word_1_215' title='bbox 592 3855 629 3915; x_wconf 91' lang='lat' dir='ltr'>et</span> <span class='ocrx_word' id='word_1_216' title='bbox 657 3843 766 3933; x_wconf 83' lang='lat' dir='ltr'>(vers</span> <span class='ocrx_word' id='word_1_217' title='bbox 800 3843 861 3936; x_wconf 88' lang='grc'>19)</span> <span class='ocrx_word' id='word_1_218' title='bbox 889 3867 936 3916; x_wconf 92' lang='lat' dir='ltr'>ne</span> <span class='ocrx_word' id='word_1_219' title='bbox 962 3844 1121 3916; x_wconf 88' lang='lat' dir='ltr'>afferret.</span> <span class='ocrx_word' id='word_1_220' title='bbox 1172 3845 1294 3917; x_wconf 86' lang='lat' dir='ltr'>Etiam</span> <span class='ocrx_word' id='word_1_221' title='bbox 1319 3845 1358 3918; x_wconf 90' lang='lat' dir='ltr'>in</span> 
     </span>
     <span class='ocr_line' id='line_1_32' title="bbox 317 3956 1358 4053; baseline 0.001 -23"><span class='ocrx_word' id='word_1_222' title='bbox 317 3958 447 4031; x_wconf 91' lang='lat' dir='ltr'>eodem</span> <span class='ocrx_word' id='word_1_223' title='bbox 477 3957 607 4053; x_wconf 89' lang='lat' dir='ltr'>capite,</span> <span class='ocrx_word' id='word_1_224' title='bbox 625 3957 732 4044; x_wconf 82' lang='lat' dir='ltr'>(vers</span> <span class='ocrx_word' id='word_1_225' title='bbox 753 3957 832 4050; x_wconf 89' lang='lat'>37),</span> <span class='ocrx_word' id='word_1_226' title='bbox 859 3956 1045 4029; x_wconf 79' lang='lat' dir='ltr'>consuluit</span> <span class='ocrx_word' id='word_1_227' title='bbox 1067 3958 1186 4029; x_wconf 86' lang='lat' dir='ltr'>Deum</span> <span class='ocrx_word' id='word_1_228' title='bbox 1214 3960 1358 4032; x_wconf 78' lang='lat' dir='ltr'>Saulus,</span> 
     </span>
     <span class='ocr_line' id='line_1_33' title="bbox 316 4070 1360 4167; baseline 0.003 -24"><span class='ocrx_word' id='word_1_229' title='bbox 316 4071 418 4143; x_wconf 83' lang='lat' dir='ltr'>idem</span> <span class='ocrx_word' id='word_1_230' title='bbox 435 4071 523 4143; x_wconf 86' lang='lat' dir='ltr'>fecit</span> <span class='ocrx_word' id='word_1_231' title='bbox 537 4070 668 4158; x_wconf 87' lang='lat' dir='ltr'>David,</span> <span class='ocrx_word' id='word_1_232' title='bbox 683 4081 880 4167; x_wconf 87' lang='lat' dir='ltr'>postquam</span> <span class='ocrx_word' id='word_1_233' title='bbox 898 4082 1032 4143; x_wconf 90' lang='lat' dir='ltr'>unctus</span> <span class='ocrx_word' id='word_1_234' title='bbox 1050 4071 1191 4161; x_wconf 88' lang='lat' dir='ltr'>fuisset,</span> <span class='ocrx_word' id='word_1_235' title='bbox 1210 4073 1278 4145; x_wconf 89' lang='lat' dir='ltr'>etsi</span> <span class='ocrx_word' id='word_1_236' title='bbox 1297 4097 1360 4146; x_wconf 91' lang='lat' dir='ltr'>an·</span> 
     </span>
     <span class='ocr_line' id='line_1_34' title="bbox 315 4183 1360 4280; baseline 0.003 -24"><span class='ocrx_word' id='word_1_237' title='bbox 315 4196 464 4280; x_wconf 88' lang='lat' dir='ltr'>tequam</span> <span class='ocrx_word' id='word_1_238' title='bbox 478 4207 633 4280; x_wconf 85' lang='lat' dir='ltr'>regnum</span> <span class='ocrx_word' id='word_1_239' title='bbox 646 4183 884 4278; x_wconf 88' lang='lat' dir='ltr'>possedisset;</span> <span class='ocrx_word' id='word_1_240' title='bbox 905 4184 1072 4279; x_wconf 85' lang='lat' dir='ltr'>quaesivit</span> <span class='ocrx_word' id='word_1_241' title='bbox 1087 4184 1185 4256; x_wconf 90' lang='lat' dir='ltr'>enim</span> <span class='ocrx_word' id='word_1_242' title='bbox 1199 4187 1360 4258; x_wconf 88' lang='lat' dir='ltr'>aDomi-</span> 
     </span>
    </p>
   </div>
   <div class='ocr_carea' id='block_1_3' title="bbox 314 4295 1361 4392">
    <p class='ocr_par' dir='ltr' id='par_1_6' title="bbox 314 4295 1361 4392">
     <span class='ocr_line' id='line_1_35' title="bbox 314 4295 1361 4392; baseline 0.004 -23"><span class='ocrx_word' id='word_1_243' title='bbox 314 4321 363 4369; x_wconf 93' lang='lat' dir='ltr'>no</span> <span class='ocrx_word' id='word_1_244' title='bbox 385 4298 417 4389; x_wconf 87' lang='grc'>(1</span> <span class='ocrx_word' id='word_1_245' title='bbox 443 4298 541 4370; x_wconf 86' lang='lat' dir='ltr'>Sam.</span> <span class='ocrx_word' id='word_1_246' title='bbox 560 4295 659 4370; x_wconf 90' lang='lat' dir='ltr'>xxiii.</span> <span class='ocrx_word' id='word_1_247' title='bbox 679 4299 718 4390; x_wconf 83' lang='lat'>2)</span> <span class='ocrx_word' id='word_1_248' title='bbox 735 4309 867 4372; x_wconf 83' lang='lat' dir='ltr'>utrum</span> <span class='ocrx_word' id='word_1_249' title='bbox 884 4310 1068 4392; x_wconf 85' lang='lat' dir='ltr'>pugnaret</span> <span class='ocrx_word' id='word_1_250' title='bbox 1085 4322 1202 4372; x_wconf 88' lang='lat' dir='ltr'>necne</span> <span class='ocrx_word' id='word_1_251' title='bbox 1230 4312 1361 4373; x_wconf 89' lang='lat' dir='ltr'>contra</span> 
     </span>
    </p>
   </div>
   <div class='ocr_carea' id='block_1_4' title="bbox 0 0 1470 4980">
    <p class='ocr_par' dir='ltr' id='par_1_7' title="bbox 0 0 1470 4980">
     <span class='ocr_line' id='line_1_36' title="bbox 0 0 1470 4980; baseline 0 0"><span class='ocrx_word' id='word_1_252' title='bbox 0 0 1470 4980; x_wconf 95' lang='lat' dir='ltr'> </span> 
     </span>
    </p>
   </div>
  </div>
 </body>
</html>
