2926 4980
99 552 177 604 CAP.
191 553 278 604 XXX.

118 634 260 667 s-t-ae

103 694 137 739 De
147 696 219 739 officio
228 710 286 739 sum·

102 759 132 805 mi
142 761 274 818 imperantis.

306 339 380 406 248
690 353 745 405 un
765 354 970 408 civiraru.

304 543 431 593 eorum
455 530 606 615 propter
633 520 900 615 protectionem
924 546 1027 596 suam
1050 524 1191 598 civitati
1221 526 1342 602 debet.

303 632 452 706 Civibus
470 632 568 706 enim
590 632 637 705 ad
664 629 749 706 vitae'
772 635 976 709 necessaria
1001 638 1250 733 comparanda
1267 664 1344 715 uon

302 747 487 819 sufficiunt
503 745 646 819 labores
660 746 728 834 sui,
745 746 815 817 nisi
833 748 943 820 etiam
960 760 998 821 et
1010 749 1179 823 laborent
1196 763 1233 825 et
1249 777 1346 850 pug-

301 871 401 933 nent.
445 861 521 933 Aut
536 859 743 932 faciendum
760 870 827 949 est,
849 861 948 955 quod
964 861 1131 936 fecerunt
1151 888 1174 936 a
1191 866 1344 961 captivi-

300 983 378 1047 tate
395 974 590 1046 redeuntes
615 972 747 1061 Judaei,
766 973 912 1069 quando
935 974 1051 1048 altera
1068 989 1213 1050 tantum
1230 1002 1344 1052 manu

299 1087 438 1184 lapides
455 1095 749 1182 composuerunt,
761 1085 888 1175 altera,
901 1101 1053 1185 propter
1066 1101 1206 1163 metum
1220 1091 1344 1165 iucur-

299 1201 411 1273 sionis
429 1200 583 1288 hostilis,
600 1211 799 1272 tenuerunt
811 1199 986 1296 gladium.
1013 1203 1168 1276 Tributa
1181 1204 1280 1277 enim
1293 1205 1344 1278 ci·

298 1314 399 1386 vium
415 1338 482 1410 pro
500 1311 669 1385 mercede
682 1323 768 1384 sunt
780 1312 832 1384 illi
847 1313 909 1408 qui
923 1325 1023 1386 tenet
1036 1315 1199 1411 gladium
1213 1317 1343 1391 civita·

299 1428 359 1516 tis,
366 1451 438 1523 quo
454 1427 587 1498 civium
600 1425 780 1498 industria
792 1438 1019 1522 protegatur.
1040 1429 1245 1526 Itaquepro
1256 1430 1342 1504 vitae

301 1564 376 1614 suae
394 1538 669 1612 conservatione
687 1538 784 1611 idem
801 1538 910 1612 debet
926 1564 1066 1637 pauper
1089 1553 1126 1614 et
1143 1543 1256 1632 dives,
1271 1544 1342 1618 uisi

302 1652 401 1749 quod
432 1651 492 1747 qui
527 1651 726 1724 multorum
760 1651 893 1723 civium
927 1676 1038 1747 opera
1071 1654 1178 1726 simul
1211 1656 1341 1747 utitur,

298 1788 366 1861 pro
388 1763 587 1836 multorum
607 1763 714 1835 simul
738 1764 1014 1837 conservatione
1035 1766 1174 1839 solvere
1196 1766 1340 1843 debeat.

300 1878 412 1953 Quod
430 1902 513 1950 eum
528 1877 762 1949 manifestum
780 1876 840 1964 sit,
851 1876 922 1950 hoc
940 1888 1083 1951 tautum
1102 1881 1341 1975 quaerendum

298 2002 426 2080 restat,
446 1988 631 2086 quomodo
649 1988 712 2060 illa
727 1988 766 2061 iu
783 1989 931 2062 tributis
952 1991 1134 2065 solvendis
1151 1994 1341 2090 aequalitas

299 2103 486 2178 observari
504 2114 636 2198 potest.
690 2100 854 2173 Rationis
872 2103 969 2175 euim
986 2128 1061 2176 uon
1080 2116 1145 2195 est,
1160 2118 1202 2179 ut
1215 2108 1339 2205 is,'qui

301 2216 481 2291 industria
504 2227 541 2287 et
558 2212 780 2309 parsimonia
798 2214 970 2288 alimenta
987 2217 1210 2312 acquisierit,
1228 2244 1338 2316 quam

298 2330 330 2402 is
349 2330 410 2425 qui
424 2328 559 2400 inertia
576 2339 612 2399 et
628 2326 773 2398 luxuria
784 2327 883 2421 quod
896 2328 1023 2401 habuit
1041 2329 1239 2423 decoxerit,
1253 2359 1338 2408 cum

297 2468 320 2517 a
345 2443 493 2515 civitate
519 2440 709 2535 aequaliter
734 2451 889 2536 uterque
916 2453 1106 2537 protectus
1134 2445 1192 2534 sit,
1221 2450 1338 2544 magis

298 2566 522 2630 oneraretur.
574 2552 777 2649 AEqualitas
803 2578 890 2649 ergo
916 2557 1133 2650 pensionum
1159 2558 1197 2631 in
1215 2561 1337 2655 publi-

298 2694 380 2744 cum
394 2669 466 2742 alia
476 2691 554 2740 esse
573 2691 646 2739 nou
660 2678 793 2762 potest,
808 2666 877 2738 uisi
892 2679 933 2740 ut
950 2671 1200 2767 unusquisque
1219 2673 1337 2748 solvat

295 2808 363 2880 pro
389 2782 532 2855 ratione
559 2803 685 2852 eorum
714 2803 796 2875 quae
822 2782 1017 2871 consumit,
1044 2783 1176 2874 idest,
1203 2786 1273 2858 nisi
1295 2800 1337 2861 ut

296 2897 435 2970 tributa
459 2920 534 2967 non
562 2893 737 2989 personis,
767 2893 831 2965 sed
853 2895 960 2966 rebus
984 2895 1071 2991 ipsis
1100 2921 1181 2992 quae
1205 2923 1336 2972 consu-

296 3010 428 3084 menda
453 3019 550 3096 sunt,
569 3007 816 3102 imponantur.

347 3123 533 3199 Quoniam
552 3131 676 3192 autem
695 3130 789 3208 sunt,
803 3121 865 3213 qui
880 3121 979 3194 nullo
995 3146 1060 3195 suo
1078 3125 1181 3213 vitio,
1195 3126 1260 3198 sed
1277 3150 1337 3198 ac-

295 3236 502 3309 cidentibus
531 3257 612 3330 quae
636 3231 837 3328 praevidere
860 3257 933 3305 nou
951 3247 1163 3329 potuerunt,
1182 3239 1220 3311 in
1238 3240 1334 3312 cala-

296 3350 442 3422 mitates
455 3347 633 3434 incidunt,
650 3346 703 3417 ita
713 3358 756 3417 ut
773 3344 946 3418 alimenta
963 3371 1029 3420 sua
1039 3351 1140 3423 nulla
1154 3352 1335 3425 industria

294 3485 492 3559 procurare
517 3460 686 3542 valeaut;
714 3457 762 3530 ad
780 3458 910 3530 summi
938 3459 1150 3556 imperantis
1173 3466 1333 3538 officium

294 3577 405 3648 etiam
421 3574 591 3671 pertinet,
610 3595 657 3644 ne
683 3595 765 3666 quae
791 3570 838 3643 ad
864 3571 977 3645 vitam
1003 3579 1208 3650 necessaria
1234 3593 1331 3670 sunt,

294 3687 364 3760 illis
390 3688 522 3760 desint.
574 3685 666 3758 Cum
692 3685 790 3757 euim
807 3685 846 3757 in
864 3709 1006 3759 summa
1023 3692 1242 3766 necessitate
1270 3718 1332 3766 ex-

293 3802 495 3888 istentibuS,
513 3799 633 3872 aliena
649 3799 842 3895 surripere,
857 3810 922 3872 aut
947 3801 1058 3874 etiarn
1084 3827 1225 3901 rapere,
1248 3809 1330 3903 jure

292 3927 434 3987 naturae
461 3913 678 4009 permissum
706 3912 781 3994 sit;
818 3936 863 3983 ne
895 3913 1035 3987 civitati
1067 3916 1157 3991 alias
1185 3920 1328 3992 molesti

293 4029 419 4116 sint,a
444 4026 592 4099 civitate
618 4024 739 4097 alendi
766 4037 862 4111 sunt,
880 4050 998 4121 neque
1025 4029 1263 4127 singularium
1280 4033 1329 4104 ci·

292 4142 391 4213 vium
409 4140 560 4213 incertae
577 4138 747 4211 charitati
766 4138 1005 4235 relinquendi.

344 4253 459 4326 Iidem
486 4264 608 4326 autem
635 4252 665 4325 si
689 4275 843 4346 corpora
868 4253 1001 4326 idonea
1020 4253 1192 4344 habeant,
1212 4255 1259 4327 ad
1275 4252 1325 4326 la·
