2926 4980
326 355 398 423 208
700 373 753 424 ns
774 371 982 424 crv1ra‘rn.

114 567 190 616 car.
204 567 301 619 xxvr.
326 537 449 627 turali,
464 561 545 633 quae
557 537 681 611 divina
699 539 809 612 etiarn
828 550 895 628 est,
909 549 951 611 ut
968 539 1007 611 in
1025 537 1070 611 iis
1087 536 1270 626 omnibus,
1287 559 1364 632 qure

143 652 283 765 1,]ξῇ
323 651 473 747 jusserit
490 651 631 740 civitas,
650 652 790 725 civitati
815 652 1041 741 obediamus,
1059 674 1271 747 quanquam
1295 672 1366 722 non

141 772 248 819 anau..
327 775 368 836 ut
386 763 588 837 credamne.
641 764 799 837 Credere
813 765 910 838 enim
929 765 1042 838 animi
1059 775 1164 838 actus
1179 775 1248 852 est,
1258 786 1365 836 nona

327 876 405 949 Deo
416 878 538 972 jussus
551 876 616 949 sed
628 876 758 966 factus,
772 900 895 973 quem,
910 877 1058 975 quando
1076 891 1114 950 et
1131 876 1266 973 quibus
1278 875 1363 965 vult,

326 988 425 1062 Deus
442 990 506 1063 dat
519 1000 724 1087 negatque;
752 1003 790 1063 et
803 1015 874 1064 aon
893 991 1063 1080 eredere,
1080 992 1206 1087 legum
1225 989 1364 1062 divina-

326 1126 407 1173 rum
436 1103 674 1198 positivarum
708 1104 870 1199 negotiu,
906 1129 981 1177 non
1016 1103 1260 1199 transgressio
1295 1112 1362 1175 est.

326 1215 488 1304 Pactum,
507 1215 607 1311 quod
623 1214 732 1288 modo
759 1217 1028 1312 supernaturali
1052 1241 1135 1289 curn
1154 1215 1362 1289 Abrahamo

324 1338 454 1423 pactus
472 1340 528 1400 est
545 1329 655 1418 DeuS,
673 1329 745 1401 tale
763 1338 817 1401 est
830 1362 839 1413 ;
853 1328 992 1426 fredus
1010 1353 1123 1400 meum
1142 1328 1243 1401 inter
1260 1353 1316 1401 me
1328 1336 1364 1400 et

326 1450 364 1512 te
381 1450 556 1512 ettamen
575 1451 672 1513 tuom
681 1451 774 1537 post
792 1451 840 1530 te,
859 1440 962 1539 quod
976 1440 1191 1530 servabitis,
1210 1441 1280 1513 hoc
1297 1449 1362 1513 eat.

327 1551 463 1624 Semini
491 1552 703 1640 Abrahami,
730 1551 893 1624 nondum
921 1553 1102 1640 existenti,
1128 1565 1278 1648 pactum
1295 1552 1363 1625 hoe

326 1665 528 1737 revelatum
544 1688 621 1736 esse
639 1688 714 1736 non
727 1665 859 1760 potuit.
897 1667 1021 1740 Quare
1032 1690 1120 1762 ergo
1133 1689 1201 1761 pro
1216 1665 1297 1761 lege
1310 1664 1363 1738 di-

324 1777 410 1850 vina
425 1777 560 1849 habere
578 1777 731 1872 obligati
749 1776 900 1850 fuerunt
920 1778 1098 1851 Israelitae
1115 1777 1154 1850 id
1177 1777 1278 1875 quod
1298 1801 1362 1874 pro

323 1890 405 1986 lege
424 1888 549 1964 divina
566 1891 611 1963 ab
630 1891 839 1964 Abrahamo
858 1892 1084 1965 declaratum
1102 1902 1169 1981 est,
1190 1892 1261 1964 nisi
1279 1890 1363 1987 quia

324 2002 362 2074 in
372 2002 466 2074 filios
480 2014 519 2075 et
529 2025 652 2075 servos
666 2025 749 2074 snos
763 2027 942 2075 summam
953 2003 1122 2077 habuerit
1133 2004 1361 2076 Abrahamus

324 2114 563 2210 potestatem?
582 2115 734 2204 Rursus,
741 2115 804 2187 ubi
815 2116 925 2204 Deus,
934 2115 979 2189 de
990 2117 1199 2189 Abrahamo
1210 2116 1361 2211 loquens

325 2229 415 2304 dicit
432 2229 538 2322 (Gen.
552 2228 650 2301 xviii.
675 2236 730 2317 18,
752 2230 831 2321 19):
853 2228 1126 2302 Beaedieeadoe
1142 2229 1218 2300 siat
1240 2225 1361 2300 inille

325 2368 446 2416 omnes
464 2344 632 2416 nationes
644 2346 786 2415 terra?
814 2340 900 2414 Scio
912 2343 1018 2430 enim,
1033 2342 1135 2439 quod
1142 2349 1361 2438 proeeeptu-

325 2480 391 2528 rua
401 2457 555 2551 sitfilir'a
565 2457 656 2545 seris,
666 2466 704 2528 et
714 2454 837 2528 domui
849 2463 1020 2553 suoepost
1029 2478 1082 2542 se,
1093 2463 1135 2526 ot
1150 2451 1361 2525 custodiant

323 2570 419 2643 oium
429 2570 593 2659 Domini,
604 2580 641 2643 et
645 2568 807 2666 fociant
822 2568 1009 2663 judicium
1023 2576 1060 2638 el
1072 2565 1276 2660 justitiam,
1291 2574 1358 2636 ete.

324 2683 555 2755 manifestum
568 2696 623 2756 est
633 2681 889 2763 obedientiam,
897 2676 1288 2753 Abrahamoafamilia
1297 2699 1361 2748 sua

324 2793 496 2885 debitam,
512 2795 726 2892 dependisse
745 2796 791 2869 ab
810 2794 1019 2867 obedientia
1036 2801 1121 2864 ante
1139 2790 1208 2887 ipsi
1225 2789 1359 2876 debita,

322 2917 364 2979 ut
391 2931 569 2981 summam
592 2908 742 2981 habenti
763 2907 800 2979 in
827 2907 923 3002 ipsos
949 2905 1043 2977 filios
1071 2914 1107 2976 et
1130 2926 1253 2975 servos
1276 2925 1359 2974 suos

322 3032 553 3114 potestatem.
606 3021 718 3093 Nulla
734 3020 829 3092 enirn
843 3019 990 3090 familiae
1007 3017 1106 3089 facta
1119 3028 1173 3088 est
1186 3013 1359 3087 revelatio

323 3131 457 3207 divina.
510 3135 553 3206 In
571 3145 731 3206 montem
750 3133 850 3205 Sinai
874 3132 920 3204 ad
937 3132 1055 3204 Deum
1082 3127 1247 3201 aseendit
1261 3125 1359 3199 solus

324 3247 446 3320 Moses
462 3280 470 3330 ;
497 3248 653 3343 populns
671 3271 717 3320 ne
735 3245 949 3319 ascenderet
966 3243 1099 3314 vetitus
1125 3252 1191 3328 est,
1211 3264 1257 3312 ne
1282 3262 1358 3310 mo-

324 3373 477 3433 reretur.
518 3360 759 3454 Obligabatur
773 3370 905 3430 tamen.
935 3353 1037 3427 Cur?
1066 3353 1164 3426 Quia
1181 3352 1249 3447 ipsi
1261 3351 1357 3423 Mosi

322 3472 567 3566 promiserant
583 3471 704 3544 lacere
723 3470 846 3543 omnia
859 3492 941 3564 quae
953 3467 1160 3561 imperaret,
1173 3462 1355 3534 dixerant·

324 3609 408 3679 que,
427 3584 579 3682 loquere
596 3595 636 3658 tu
655 3583 839 3657 nobiscum
857 3592 895 3654 et
912 3579 1130 3658 radamus·
1157 3576 1227 3648 sed
1241 3600 1286 3646 ne
1304 3572 1321 3646 l
1341 3619 1358 3632 -

311 3700 462 3794 'quatur
479 3695 661 3769 nobiseum
679 3696 795 3785 Deos,
813 3704 853 3766 ut
870 3717 940 3765 non
957 3690 1168 3763 variamur.
1204 3686 1260 3758 Ex
1279 3687 1358 3783 qui-

323 3810 391 3882 bus
404 3809 543 3882 duobus
553 3808 736 3882 loeissatis
747 3805 945 3894 constat,in
958 3802 1058 3876 omni
1069 3800 1216 3873 civitate
1227 3799 1355 3886 civem,

323 3924 383 3995 oui
401 3947 476 3995 non
490 3923 537 3994 sit
548 3922 646 3994 facta
659 3921 791 3993 divinae
808 3916 1006 3990 voluntatis
1017 3911 1190 3985 revelatio
1206 3921 1306 3982 certa
1321 3921 1358 3981 et

324 4034 547 4122 immediata,
555 4033 686 4106 debere
699 4056 766 4128 pro
779 4031 968 4103 voluntate
983 4026 1106 4098 divina
1118 4024 1258 4119 legibus
1272 4022 1357 4093 obe·

326 4145 403 4220 dire
419 4147 586 4219 civitatis.
627 4146 723 4218 Nam
738 4144 768 4217 si
780 4168 847 4241 pro
862 4140 1043 4216 mandatis
1058 4138 1127 4210 Dei
1140 4159 1204 4208 sua
1216 4134 1273 4206 vel
1283 4133 1358 4229 pri-

325 4272 493 4332 vatorum
512 4259 700 4333 hominum
719 4275 1018 4353 quorumcunque
1035 4248 1174 4324 somnia
1188 4258 1224 4318 et
1240 4246 1356 4341 phan-
