2926 4980
134 552 210 602 CAP.
221 554 286 605 ΧΠ.

144 639 281 665 bur&

125 699 278 759 omnam

323 338 371 404 88
714 354 768 405 nrt
789 353 970 404 nomina.

322 545 407 596 suos
435 520 700 617 produxerunt,
728 521 767 594 id
796 532 863 612 est,
890 522 1022 618 quibus
1048 521 1166 593 causis
1191 516 1360 591 secundis

324 635 534 724 utebantur,
552 635 590 724 ii,
608 635 671 730 qui
688 635 776 731 quid
793 636 841 709 sit
859 661 1009 708 coccam
1026 659 1109 708 esre
1124 634 1304 721 nesciunt,
1322 631 1361 703 id

323 761 394 838 est,
420 748 578 822 maxima
602 772 687 844 pars
712 749 914 835 hominnm,
940 749 1087 845 penitus
1117 747 1359 843 ignorabant3

322 886 440 959 neque
459 863 565 935 aliter
582 862 764 958 conjicere
781 873 981 958 potuerunt
999 886 1109 958 quam
1127 885 1171 933 ex
1190 862 1361 933 observa-

321 977 422 1049 tione
450 989 488 1049 et
511 977 687 1048 memoria
708 976 859 1066 ordinis,
883 1000 956 1072 quo
982 988 1146 1071 tempore
1171 973 1360 1070 praeterito

320 1113 396 1162 una
417 1112 477 1161 res
500 1088 609 1161 aliam
627 1090 825 1162 antecessit
841 1088 900 1160 vel
919 1100 1145 1184 consequuta
1162 1099 1228 1175 est,
1246 1111 1361 1182 quan-

322 1226 432 1298 quam
462 1201 600 1274 nullam
632 1203 728 1274 inter
759 1202 1015 1275 antecedentia
1040 1213 1076 1273 et
1103 1200 1362 1295 subsequentia

322 1313 602 1389 connectionem
619 1313 790 1386 viderint.
844 1315 972 1410 ltaque
990 1339 1013 1385 a
1030 1313 1207 1386 similibus
1230 1324 1362 1408 praete-

322 1428 402 1501 ritis
412 1427 544 1499 similia
554 1428 797 1523 expectabant
806 1427 1216 1523 futura,sperabantque
1226 1425 1361 1496 bonam

322 1552 388 1614 aut
397 1540 530 1613 malam
543 1540 729 1614 fortunam
743 1542 788 1614 ab
802 1541 873 1614 illis
887 1542 995 1614 rebus
1009 1565 1090 1636 qnae
1107 1539 1199 1612 nihil
1213 1537 1361 1611 omnino

322 1655 477 1752 speratis
508 1655 800 1729 contribnebant.
853 1655 914 1728 Sic
932 1655 1184 1741 Athenienses,
1211 1663 1362 1748 propter

322 1791 381 1841 res
408 1767 455 1840 ad
481 1768 714 1864 Naupactum
741 1793 764 1840 a
793 1767 1010 1841 Phormione
1037 1779 1166 1840 contra
1191 1765 1361 1838 Lacedae-

322 1881 465 1954 monios
489 1881 583 1954 bene
608 1895 742 1978 gestas,
766 1880 829 1954 illo
856 1894 1015 1970 mortuo,
1039 1881 1151 1953 alium
1172 1879 1363 1974 elegerunt

323 1989 603 2076 Phormionem;
631 1995 719 2067 item
744 1994 913 2083 Romani,
931 2004 1083 2090 propter
1099 2014 1158 2064 res
1180 1991 1219 2062 in
1236 1990 1363 2063 Africa

323 2119 454 2180 contra
481 2106 701 2180 Annibalem
727 2106 883 2179 feliciter
914 2117 1036 2201 gestas
1065 2129 1087 2177 a
1116 2104 1298 2200 Scipione,
1323 2104 1362 2175 in

322 2219 452 2293 eadem
477 2219 604 2293 Africa
628 2219 887 2316 imperatorem
913 2219 1103 2316 elegerunt
1129 2229 1257 2289 contra
1280 2217 1362 2289 Cae-

324 2356 443 2407 sarem
470 2332 582 2406 alium
611 2333 844 2429 Scipionem:
876 2333 984 2405 ambo
1002 2331 1208 2404 infeliciter.
1260 2331 1362 2404 ldem

323 2447 402 2520 aliis
420 2446 510 2520 locis
528 2458 566 2520 et
581 2447 806 2542 temporibus
823 2447 1033 2520 factitatum
1051 2458 1117 2519 est.
1163 2446 1362 2517 Fortunam

323 2583 426 2633 suam
444 2559 518 2648 alii,
536 2570 619 2654 post
637 2558 729 2632 duos
742 2559 800 2632 vel
817 2571 893 2632 tres
911 2584 1015 2632 casus
1033 2559 1179 2648 similes,
1198 2581 1363 2654 personae

323 2672 433 2746 alicui
456 2673 592 2745 astanti
609 2673 664 2746 vel
691 2672 879 2746 fortrmato
902 2673 1174 2746 infortunatove
1198 2672 1280 2745 loco
1298 2674 1363 2745 tri-

323 2785 494 2858 buerunt.
547 2785 619 2857 Alii
640 2786 760 2859 verbis
785 2787 1000 2882 quibusdam
1018 2787 1180 2884 prolatiS,
1199 2811 1289 2883 quas
1307 2787 1362 2859 in-

324 2899 551 2972 cantationes
574 2910 718 2988 vocant,
736 2912 877 2973 tantam
903 2902 1078 2974 virtutem
1101 2901 1302 2987 ascribunt,
1320 2913 1364 2972 ut

323 3035 456 3107 panem
480 3013 518 3084 in
543 3011 743 3103 hominem,
762 3015 940 3110 quidlibet
962 3016 1000 3088 in
1023 3015 1213 3112 quodlibet
1230 3014 1362 3086 mutari

322 3147 431 3220 posse
448 3135 592 3220 putent.

373 3235 510 3325 Tertio,
525 3236 655 3326 cultnS,
672 3239 733 3333 qui
747 3239 922 3334 potentiis
935 3239 1188 3325 invisibilibus,
1199 3240 1363 3314 dictante

323 3348 401 3423 sola
412 3362 556 3439 natura,
572 3351 736 3424 exhiberi
748 3362 879 3448 potest,
895 3352 1076 3425 aliusnon
1094 3366 1150 3426 est
1167 3377 1362 3449 quamquo

323 3463 489 3536 homines
532 3464 737 3559 superiores
779 3489 862 3538 suos
906 3465 1025 3538 colere
1069 3478 1362 3550 consuevenmt;

323 3600 454 3672 nempe
472 3576 578 3672 signa
590 3576 740 3650 honoris
753 3588 790 3649 et
804 3579 1029 3667 reverentia,
1043 3591 1087 3651 ut
1101 3578 1208 3668 dona,
1222 3604 1363 3676 preces,

322 3691 465 3786 gratiae,
484 3690 690 3780 submissio,
708 3691 868 3787 alloquia
891 3703 927 3764 et
945 3705 1070 3788 gestus
1088 3692 1225 3780 decori,
1241 3706 1279 3767 et
1295 3694 1362 3766 hu-

319 3804 480 3900 jusmodi
511 3804 591 3876 alia.
645 3804 742 3880 Nam
784 3805 963 3879 sacrificia
993 3818 1146 3879 cruenta
1179 3805 1362 3878 dictamen

323 3929 465 3989 naturae
482 3941 557 3989 non
575 3928 673 4003 sunt,
687 3928 729 3990 ut
747 3943 828 4015 quae
846 3919 891 3990 ab
909 3918 1015 3991 initio
1033 3917 1080 3991 ad
1099 3918 1361 3991 sacrificatores

323 4029 472 4102 alendos
490 4054 513 4101 a
529 4029 739 4102 civitatibus
757 4031 924 4103 instituta
941 4043 1057 4104 erant.
1096 4032 1225 4126 Neque
1243 4029 1361 4102 cultus

323 4141 500 4213 naturalis
517 4140 663 4214 videtur
681 4166 758 4214 esse
778 4143 1046 4239 jusjurandum,
1066 4145 1152 4241 quia
1168 4155 1272 4216 extra
1288 4154 1361 4215 sta-

323 4265 401 4325 tum
416 4253 558 4328 civilem
574 4256 783 4349 juramento
801 4280 875 4329 non
893 4268 949 4330 est
966 4257 1077 4331 locus.
1131 4257 1238 4330 Ratio
1256 4267 1361 4330 natu-
