2926 4980
355 374 409 425 nr
429 373 624 425 crvrrnra
645 371 913 424 cismarinus.
1082 352 1154 432 375

110 538 212 634 quod
223 537 413 613 Christum
425 539 625 637 oportebat
635 539 737 636 pati,
749 548 787 612 ct
800 564 847 612 aa
859 538 1017 611 mortuis
1028 562 1157 611 resur-
1182 573 1259 623 cup,
1271 570 1357 621 χιιι,

107 675 215 749 gere,
233 663 271 725 et
289 655 391 751 quod
414 654 475 726 lu'c
492 653 615 741 Jesus,
633 678 739 750 quem
757 676 829 752 ego
845 651 947 725 aubia
969 652 1154 751 predico,
1193 655 1342 767 mu

111 773 168 835 est
188 764 375 837 Gloriatur.
413 767 627 862 Scriptura,
640 791 729 862 quas
743 767 892 854 citabat,
907 778 1014 838 erant
1029 766 1155 840 Judae·
1192 736 1346 833 sarbara

111 902 229 966 orum,
258 904 400 976 nempe,
428 881 707 952 Testamentum
725 879 852 951 Vetus.
905 878 975 968 Illi,
999 878 1048 951 ad
1065 903 1156 975 quos

111 992 333 1086 probaturus
351 1006 432 1065 erat
449 992 576 1064 lesura
595 1016 677 1063 ease
697 992 887 1064 Christum
904 1000 983 1064 eta
1000 993 1156 1065 mortuis

112 1105 513 1194 resuscitaturaJudaei
525 1129 671 1201 quoque
684 1118 800 1194 erant,
808 1116 845 1177 et
857 1105 1065 1201 Scripturas
1075 1106 1156 1180 illas

112 1219 263 1291 verbum
281 1219 350 1291 Dei
368 1243 446 1291 esse
465 1219 713 1306 crediderunt,
731 1231 768 1290 et
790 1218 900 1309 (vers.
918 1228 955 1306 4,
975 1222 1014 1311 5)
1035 1217 1157 1316 aliqui

112 1356 236 1405 eorum
267 1333 523 1420 crediderunt,
541 1333 602 1405 alii
629 1357 701 1405 uou
728 1331 985 1404 crediderunt.
1037 1331 1156 1405 Causa

113 1468 201 1539 ergo
219 1468 345 1541 quare,
364 1469 448 1517 cum
467 1446 667 1541 Scripturis
686 1469 813 1518 omnes
830 1445 969 1542 parite-r
993 1445 1157 1518 credide-

112 1559 200 1646 rint,
219 1558 331 1631 Paulo
351 1571 474 1631 tamen
488 1559 627 1655 pariter
639 1583 715 1631 non
734 1558 968 1645 crediderint,
987 1582 1157 1655 quaenam

113 1682 203 1760 erat,
215 1673 285 1745 nisi
297 1672 395 1768 quod
410 1673 455 1745 de
473 1673 778 1768 interpretatione
790 1673 1065 1768 Scripturarum
1083 1672 1156 1744 dis-

114 1786 320 1868 senserint;
347 1797 384 1858 et
410 1786 501 1859 alius
528 1787 872 1882 interpretationem
898 1786 1157 1882 approbaverit

115 1898 151 1972 S.
166 1899 279 1986 Pauli,
292 1899 385 1971 alius
402 1899 546 1972 sibimet
564 1901 633 1995 ipsi
649 1900 728 1972 illas
743 1900 1007 1995 interpretatus
1020 1898 1156 1972 fuerit?

115 2013 239 2086 Quare
258 2023 381 2084 autem
406 2012 503 2085 hoc?
570 2013 668 2087 Quia
684 2012 825 2085 scilicet
851 2013 898 2085 ad
916 2036 978 2085 eos
1003 2014 1159 2086 accessit

115 2128 152 2199 S.
172 2125 305 2198 Paulus
330 2126 409 2198 sine
428 2127 529 2198 omni
548 2127 724 2199 mandato
742 2126 923 2205 civitatis:
942 2137 984 2199 ut
1002 2126 1066 2222 qui
1082 2149 1158 2198 non

114 2240 162 2313 ad
187 2239 454 2335 imperandum,
487 2240 552 2312 sed
578 2241 625 2313 ad
650 2239 946 2336 persuadendum
971 2240 1156 2323 venisset;

115 2365 151 2426 et
177 2353 263 2449 quia
289 2353 511 2448 persuadere
528 2354 657 2441 voluit,
675 2377 824 2426 necesse
850 2354 903 2426 illi
921 2364 1001 2426 erat
1017 2353 1076 2426 vel
1092 2376 1159 2449 per

114 2466 292 2539 miracula
304 2466 343 2538 id
355 2466 488 2551 facere,
502 2477 542 2539 ut
557 2467 680 2539 Moses
692 2467 869 2539 Israelitis
883 2467 921 2539 in
931 2468 1106 2564 AEgypto,
1117 2479 1160 2540 ut

115 2580 378 2653 authoritatem
396 2604 499 2651 suam
517 2581 728 2653 ostenderet
740 2604 807 2676 per
824 2604 936 2677 opera
953 2580 1090 2669 divina,
1102 2581 1160 2652 vel

114 2719 180 2791 per
198 2694 485 2788 disputationem
503 2694 540 2766 in
560 2719 759 2791 synagoga,
786 2718 832 2767 ex
850 2695 1050 2791 Scripturis
1069 2718 1159 2790 quas

114 2819 341 2903 receperant,
369 2817 412 2877 ut
440 2806 573 2879 veritas
604 2807 783 2880 doctrinae
811 2833 887 2880 suae
912 2831 980 2905 per
1007 2807 1160 2880 verbum

116 2920 280 2992 divinum
311 2944 488 3014 apparere
523 2937 658 3016 posset.
729 2922 950 3016 Quicunque
985 2932 1108 2994 autem
1138 2944 1162 2992 a

115 3034 305 3130 principiis
323 3034 470 3129 scriptis
488 3035 741 3125 ratiocinatur,
760 3037 1001 3131 interpretem
1026 3033 1162 3131 princi-

115 3148 260 3243 piorum
291 3147 394 3219 illum
422 3147 524 3236 facit,
554 3172 663 3243 quem
689 3148 898 3244 alloquitur.
969 3147 1160 3243 Siquidem

116 3271 240 3333 autem
251 3285 390 3348 corum,
402 3286 484 3356 quoe
496 3261 622 3333 citavit
635 3262 814 3335 S.Paulus
832 3285 876 3334 ex
891 3261 1082 3357 Scriptura
1097 3261 1160 3332 Sa·

117 3396 190 3461 cra,
204 3375 225 3446 J
229 3374 325 3446 udaei
337 3375 681 3448 Thessalonicenses
688 3376 832 3470 judices
847 3400 921 3448 non
936 3387 1056 3464 erant,
1077 3375 1159 3470 quis

117 3498 197 3559 erat
209 3487 325 3559 alius?
379 3488 417 3560 Si
437 3490 474 3561 S.
488 3488 632 3577 Paulus,
649 3488 738 3585 quid
755 3513 847 3584 opus
866 3500 945 3561 erat
962 3488 1157 3585 quicquam

117 3599 256 3673 citare?
296 3600 440 3672 Dixisse
459 3601 673 3688 suffecisset,
692 3601 745 3674 ita
762 3613 818 3673 est
835 3603 1011 3696 scriptum
1026 3603 1064 3673 in
1078 3602 1159 3697 lege

115 3724 249 3799 vestra,
268 3715 372 3808 cujus
397 3740 466 3811 ego
492 3715 672 3811 interpres
699 3739 791 3803 sum,
810 3740 833 3788 a
850 3716 996 3788 Christo
1014 3715 1158 3787 missus

118 3826 356 3899 Manifestum
371 3852 459 3923 ergo
477 3839 545 3915 est,
563 3829 803 3923 interpretem
820 3830 1106 3924 scripturarum,
1120 3828 1158 3900 in

117 3941 221 4034 cujus
250 3941 556 4035 interpretatione
581 3942 703 4014 Judaei
730 3942 1071 4014 Thessalonicenses
1098 3966 1159 4013 ac·

118 4053 304 4148 quiescere
323 4053 591 4149 obligabantur,
611 4054 724 4127 fuisse
741 4054 906 4128 nullum:
934 4054 1084 4127 credere
1101 4056 1159 4127 vel

118 4189 190 4238 non
209 4166 359 4239 credere
377 4167 587 4263 unicuique,
606 4181 719 4264 prout
736 4192 819 4264 quae
833 4168 935 4241 dicta
952 4180 1060 4240 erant
1076 4192 1160 4264 pro·

117 4279 205 4352 bata
238 4279 297 4352 vel
328 4305 402 4353 non
434 4280 590 4376 probata
623 4282 855 4370 videbantur,
891 4281 1034 4355 licitum
1069 4293 1159 4355 erat.
