2926 4980
500 391 553 443 on
573 390 780 443 c1vrrsrn.
1096 376 1164 441 165

120 557 219 619 erras
245 544 381 618 civium
412 545 642 642 singulorum
659 545 705 617 ab
723 544 793 618 illis
811 543 932 616 verbis
949 544 1006 616 vel
1024 545 1070 617 ab
1101 543 1164 616 illa
1193 594 1271 644 w·
1287 593 1364 643 xm·

120 659 326 733 intentione
345 659 640 733 demonstrandae
657 670 755 731 sunt.
807 657 905 730 Finis
919 668 1043 730 autem
1061 656 1162 730 insti·
1203 676 1347 778 M

95 860 103 871 ·
119 773 275 847 tutionis
296 772 413 845 civilis
431 783 487 846 est
502 797 574 869 pax
604 773 739 845 civium
757 771 853 844 inter
871 793 910 844 se
935 782 972 843 et
999 770 1161 843 defensio
1203 799 1291 842 auum.

122 897 251 959 contra
267 885 413 958 hostem
425 885 624 981 publicum.

172 998 295 1072 Primo
313 1022 414 1093 ergo,
432 999 519 1094 qnia
532 997 714 1071 institutio
732 998 892 1070 civitatis
916 998 959 1071 fit
975 1021 1042 1095 per
1055 1010 1165 1093 pacta

120 1112 409 1207 uniuscujusque
443 1135 527 1183 cum
561 1135 795 1207 unoquoque,
830 1111 1065 1184 manifestum
1105 1122 1162 1183 est

120 1225 330 1298 libertatem
339 1223 412 1296 civi
422 1247 570 1296 manere
582 1224 680 1296 circa
693 1247 751 1295 res
761 1223 843 1296 illas
858 1248 996 1314 omueS,
1008 1248 1165 1320 quarum

117 1340 180 1434 jus
196 1360 265 1434 per
280 1351 431 1432 pactum
448 1336 639 1410 transferri
651 1336 708 1408 vel
718 1336 827 1432 abjici
844 1360 920 1409 non
931 1350 1065 1432 potest.
1093 1336 1166 1410 Sed

122 1461 313 1524 ostensum
336 1459 391 1521 est
417 1448 513 1544 (cap.
532 1450 638 1543 xlv.)
668 1460 815 1543 pactum
833 1449 879 1521 de
900 1450 1018 1545 seipso
1036 1459 1167 1521 contra

122 1563 198 1636 vim
212 1587 287 1637 non
305 1562 536 1636 defendendo
548 1561 746 1635 invalidum
766 1586 855 1636 esse.
907 1563 1006 1658 Ergo
1019 1563 1049 1634 si
1066 1586 1165 1634 sum-

122 1701 223 1749 mam
252 1676 391 1749 habens
420 1688 654 1772 potestatem,
682 1676 810 1762 civem,
844 1699 1053 1772 quanquam
1080 1676 1163 1770 jure

121 1789 235 1864 morti
262 1789 559 1878 condemnatum,
574 1790 733 1885 seipsum
752 1790 969 1879 interficere,
980 1789 1162 1878 mutilare,

122 1902 183 1976 vel
195 1902 388 1975 vulnerare
403 1935 412 1987 ;
439 1913 504 1974 aut
521 1903 557 1974 vi
574 1926 766 1998 personam
786 1902 863 1997 ejus
881 1902 1069 1975 invadenti
1087 1927 1163 1976 non

122 2016 295 2090 resistere
308 2048 318 2100 ;
344 2027 408 2088 aut
424 2016 471 2088 ab
489 2016 683 2104 alimentis
698 2015 892 2104 medicina,
907 2039 1003 2105 aere,
1017 2017 1075 2090 vel
1092 2017 1164 2089 alia

124 2154 165 2203 re
184 2130 263 2203 sine
281 2152 352 2224 qua
368 2128 491 2201 vivere
502 2153 578 2202 non
593 2140 726 2225 potest,
739 2152 778 2200 se
792 2129 976 2201 abstinere
989 2129 1139 2226 jusserit
1153 2161 1162 2215 ;

124 2242 335 2318 habetcivis
353 2241 415 2314 ille
428 2241 621 2314 recusandi
633 2241 852 2314 libertatem.

177 2356 218 2429 Si
247 2355 327 2452 quis
358 2355 449 2428 civis
475 2355 723 2451 interrogetur
750 2379 773 2427 a
799 2379 977 2428 summam
1007 2355 1165 2429 habente

123 2478 358 2565 potestatem,
376 2467 433 2539 vel
456 2491 522 2563 per
540 2467 800 2539 authoritatem
830 2470 920 2564 ejus,
939 2467 985 2542 de
1013 2468 1164 2541 erimine

123 2581 225 2677 quod
243 2581 321 2678 ipse
344 2581 432 2653 civis
459 2580 654 2665 commisit,
676 2580 783 2653 fateri
810 2581 961 2669 crimen,
979 2582 1048 2654 nisi
1074 2581 1164 2655 facti

123 2694 233 2767 venia
249 2693 348 2780 data,
361 2717 436 2766 non
455 2695 662 2791 obligatum
689 2694 775 2790 quia
793 2718 913 2784 nemo,
926 2706 968 2768 ut
978 2706 1164 2767 ostensum

124 2821 182 2881 est
198 2831 320 2904 supra,
339 2808 493 2903 obligari
516 2817 624 2905 pacto
651 2818 774 2903 potest
791 2808 950 2903 seipsum
981 2831 1164 2880 accusare.

124 2921 319 3010 Praeterea,
347 2921 540 2994 submissio
576 2921 664 2993 civis
696 2922 907 2994 continetur
940 2922 997 2994 his
1031 2923 1165 3011 verbiS,

124 3033 264 3107 author
295 3058 374 3106 rum
400 3033 553 3105 onmium
584 3034 768 3105 actionum
795 3035 875 3129 ejus
902 3033 963 3106 cui
991 3057 1166 3107 acarnanum

124 3146 572 3245 tribuimuapotestatem.
626 3145 699 3218 Sed
717 3146 755 3218 in
771 3146 829 3219 his
848 3147 967 3219 verbis
985 3147 1165 3220 libertatis

123 3260 305 3333 naturalis
338 3259 520 3333 restrictio
551 3258 652 3330 nulla
680 3271 746 3331 est.
798 3259 876 3332 Etsi
904 3260 1001 3332 enim
1035 3272 1078 3331 ut
1107 3282 1164 3331 me

124 3372 271 3447 occidat
281 3372 493 3460 concedam,
507 3396 581 3444 non
593 3372 735 3467 obligor
745 3383 787 3445 ut
793 3374 899 3469 jussu
912 3376 989 3469 ejus
1000 3372 1165 3445 occidam

124 3486 318 3582 meipsum.
370 3486 482 3558 Aliud
499 3485 596 3558 enim
627 3499 683 3558 est
713 3486 845 3575 dicere,
865 3487 991 3561 occide
1021 3508 1080 3558 me
1107 3485 1165 3558 vel

125 3599 316 3672 concivem
326 3622 459 3689 meum,
474 3600 504 3670 si
514 3599 568 3671 vis
583 3629 592 3682 ;
610 3598 710 3671 aliud
720 3610 843 3671 autem
855 3599 988 3687 dicere,
1000 3598 1165 3671 occidam

125 3734 186 3784 me
196 3723 259 3784 aut
270 3711 458 3783 concivem
469 3736 603 3785 meum.
626 3713 800 3809 Sequitur
811 3737 898 3808 ergo
909 3713 1091 3785 neminem
1103 3721 1166 3784 aut

125 3823 175 3896 ad
185 3823 426 3898 occidendum
443 3825 602 3922 seipsum
616 3837 680 3898 aut
693 3826 879 3898 concivem
891 3850 933 3898 ex
946 3826 1033 3921 ipsis
1046 3824 1165 3897 verbis

127 3936 292 4033 obligari.
345 3938 474 4033 Itaque
486 3938 672 4034 obligatio,
688 3963 798 4034 quam
813 3940 894 4035 quis
905 3939 1039 4012 habere
1053 3938 1166 4010 inter-

127 4049 213 4123 dum
228 4049 355 4147 possit,
363 4051 468 4147 jussu
481 4076 633 4125 summae
642 4053 835 4148 potestatis
852 4051 1011 4125 faciendi
1027 4050 1166 4124 action-

127 4187 186 4235 em
202 4164 364 4259 aliquam
380 4163 624 4260 periculosam
637 4176 702 4238 aut
712 4164 913 4261 indiguam,
925 4189 1000 4237 non
1011 4164 1162 4238 averbis

128 4275 310 4374 dependet
327 4278 506 4374 expressis
519 4279 652 4373 quibus
666 4303 704 4351 se
715 4278 896 4367 submisit,
908 4277 972 4352 sed
986 4280 1031 4353 ab
1046 4279 1166 4353 inten-
