2926 4980
505 402 559 453 nn
578 402 785 455 murmur..
1096 391 1163 457 149
1240 422 1243 428 .

120 588 268 662 cunque
299 566 454 664 quisque
482 569 674 665 potestatis
705 592 779 642 suae
809 592 1054 643 successorem
1086 594 1165 645 esse

120 679 223 751 velit.
277 680 317 752 si
333 704 422 776 ergo
436 681 633 754 monarcha
651 704 898 755 successorem
911 707 1016 756 suum
1028 682 1163 758 diserte

120 791 380 883 nominaverit,
398 817 540 867 summa
555 808 730 891 potestas,
749 797 857 869 simul
873 808 985 893 atque
996 810 1163 872 mortuus

121 915 409 996 estoutecessor,
427 907 467 980 in
483 909 671 982 nominato
690 919 756 982 est.

172 1017 247 1091 Ubi
263 1043 353 1092 vero
370 1031 631 1093 testamentum
660 1036 698 1095 et
721 1023 835 1095 verba
861 1034 988 1118 operta
1019 1024 1162 1115 desunt,

121 1129 173 1202 ibi
189 1132 391 1207 voluntatis
408 1135 486 1230 ejus
504 1135 576 1208 ulie
593 1135 698 1231 signo
724 1136 906 1209 naturalia
934 1138 1164 1212 observanda

120 1256 220 1318 sunt.
273 1246 441 1321 Quorum
475 1248 663 1344 signorum
696 1273 810 1320 unum
846 1258 902 1321 est
934 1250 1162 1324 consuetudo

120 1357 206 1430 loci.
260 1358 334 1432 Ubi
350 1383 439 1455 ergo
463 1360 658 1433 succedere
677 1361 868 1434 consuevit
884 1361 928 1450 is,
948 1362 1011 1457 qui
1027 1386 1163 1458 genere

52 1513 58 1524 ·
121 1481 179 1543 est
195 1471 396 1567 proximus,
410 1472 506 1546 illius
518 1484 574 1544 est
587 1484 751 1568 potestus
765 1498 917 1558 summa,
932 1488 1164 1550 antecessore

120 1595 296 1667 mortu03
323 1585 409 1679 quia
439 1584 469 1657 si
503 1584 614 1657 alium
645 1587 842 1660 succedere
876 1587 945 1660 sibi
978 1589 1163 1680 voluisset,

119 1696 228 1769 facile
254 1697 358 1770 illum
390 1698 516 1771 vivens
547 1700 738 1772 nominare
767 1701 961 1796 potuisset.
1025 1701 1163 1775 Eadem

121 1821 247 1883 autem
266 1810 472 1906 reguiaest,
498 1810 574 1884 sive
591 1813 808 1908 proximitas
825 1813 887 1885 illa
914 1813 1024 1887 maris
1054 1814 1165 1890 fuerit

120 1922 198 1995 sive
232 1921 403 1997 foeminae.
462 1924 698 1998 Consuetudo
734 1927 842 2015 enim,
874 1950 956 2022 quae
989 1928 1166 2025 principis

120 2036 235 2109 verbo
261 2035 342 2109 tolli
365 2036 473 2110 facilc
498 2039 621 2134 potuit
645 2064 715 2112 nec
740 2039 894 2130 tollitur,
930 2039 1075 2135 siguum
1109 2054 1165 2115 est

121 2150 303 2223 sublatam
320 2174 399 2223 esse
416 2151 585 2225 nolentis.

173 2263 247 2335 Ubi
264 2287 350 2337 vero
368 2287 488 2360 neque
514 2275 774 2338 testamentum
792 2289 912 2361 neque
938 2265 1163 2339 consuetudo

121 2376 289 2465 anteivit,
302 2376 353 2450 ibi
377 2377 656 2475 intelligendum
675 2391 742 2469 est,
757 2379 887 2474 primu,
906 2378 1070 2474 regimen
1087 2402 1165 2451 mo·

122 2512 209 2561 uere
239 2490 536 2573 monarchicum;
572 2492 658 2587 quia
673 2491 828 2564 formum
846 2491 946 2564 illam
976 2491 1164 2587 regnando

122 2602 455 2693 commendaverat,
482 2628 602 2698 neque
624 2605 735 2676 verbo
763 2604 1046 2698 improbaverat.
1099 2606 1164 2679 Se-

123 2715 256 2806 cundo,
274 2716 411 2789 liberos
436 2740 521 2789 suos
547 2717 670 2812 potius
697 2741 806 2812 quam
833 2717 923 2789 alios
950 2716 1164 2792 adtentum

122 2827 342 2924 dignitatem
351 2853 566 2925 promovere
578 2830 749 2913 voluissc;
770 2841 863 2902 etex
878 2830 1013 2917 liberis,
1027 2854 1164 2903 marem

121 2966 232 3037 quam
267 2942 468 3030 foeminam,
493 2953 535 3015 ut
568 2967 634 3039 per
669 2953 838 3014 naturam
872 2941 920 3013 ad
953 2942 1165 3017 sustinendo

120 3055 285 3150 pericula
299 3055 489 3151 aptiorem.
541 3055 679 3144 Tertio,
698 3055 728 3128 si
745 3056 847 3151 prole
865 3066 1001 3142 careat,
1013 3055 1163 3129 fratrem

121 3191 233 3264 quam
245 3167 370 3257 alium,
387 3179 498 3264 atque
516 3170 568 3241 ita
578 3192 721 3263 semper
734 3167 1036 3263 propinquiorem
1054 3192 1164 3263 quam

122 3281 369 3354 remotiorem.
422 3281 659 3354 Praesumitur
689 3280 786 3353 enim
811 3281 988 3376 sanguine
1015 3282 1164 3376 propiu-

122 3393 300 3490 quiorem,
322 3417 447 3466 amore
465 3417 622 3490 quoque,
648 3394 789 3466 caeteris
806 3394 965 3489 paribus,
983 3393 1163 3489 potiorem

123 3529 214 3578 esse.

173 3607 310 3679 Verum
339 3607 371 3680 si
390 3608 610 3696 mouarchae,
627 3632 694 3704 per
713 3619 974 3681 testamentum
992 3619 1057 3680 aut
1074 3631 1163 3681 cou-

124 3731 296 3809 tractum,
315 3742 562 3792 successorem
580 3719 802 3792 constituere
815 3743 924 3814 quem
935 3719 1023 3792 velit
1040 3719 1160 3807 liceat,

123 3856 298 3929 maguum
316 3832 402 3906 iude
428 3833 574 3907 videtur
601 3832 689 3906 oriri
714 3856 822 3929 posse
852 3833 992 3906 civitati
1022 3833 1163 3905 incom-

125 3945 285 4019 modum.
338 3946 434 4019 Num
450 3957 672 4041 potestatem
700 3969 879 4018 summam
908 3945 946 4018 in
976 3945 1162 4019 homiuem

124 4058 367 4155 alienigenam
378 4057 575 4131 transferre
592 4059 729 4154 poterit
744 4091 753 4143 ;
771 4058 811 4131 id
834 4059 934 4154 quod
954 4058 1056 4154 (quin
1078 4058 1163 4131 alie·

125 4171 268 4268 nigenae
285 4194 404 4266 neque
432 4171 549 4244 eidem
566 4171 662 4245 forte
683 4171 871 4267 regiminis
887 4171 1016 4243 formae
1026 4172 1163 4244 assueti

126 4295 222 4374 suut,
239 4309 362 4380 neque
380 4285 509 4358 codem
525 4297 672 4359 utentes
691 4308 860 4359 sermone
871 4309 910 4359 se
924 4296 1052 4359 mutuo
1071 4310 1162 4361 con-

1194 613 1271 663 CAP·
1283 611 1358 661 xlx.

1204 692 1347 728 *nr-⁴

1177 760 1212 803 Dc
1221 751 1338 813 generibut

1176 823 1289 869 civitatum
1298 827 1338 874 per

1175 885 1341 934 institutionem.

1176 960 1199 999 et
1215 955 1242 997 do
1257 959 1341 993 succcu-

1176 1021 1237 1063 sione
1247 1016 1276 1059 sd
1283 1023 1340 1056 sum·

1176 1097 1235 1128 mm
1241 1080 1377 1138 potestatem«
