2926 4980
384 386 437 436 aa
458 385 651 437 crv1rnra
673 386 940 437 cumsrrnnn.
1109 372 1180 450 307

137 552 341 625 Philistaeos
356 554 394 624 in
407 553 543 626 Ceilah.
564 554 659 625 ltern
676 558 786 646 (vera.
798 556 838 647 9)
855 556 1047 651 imperavit
1059 556 1180 628 David
1193 589 1392 640 cmxxx-1.

135 665 318 739 sacerdoti
334 678 376 738 ut
392 666 576 761 ephodum
593 676 806 761 apportaret
823 668 903 763 ipsi,
921 680 964 742 ut
981 669 1179 742 Dominum
1207 672 1368 772 „AE

136 780 353 854 consuleret.
407 780 588 852 Praeterea
606 804 670 853 rex
689 780 864 853 Solomon
885 784 919 872 (l
938 783 1030 877 Reg.
1045 782 1082 854 ii.
1098 782 1177 875 27),
1205 793 1359 852 “Pronub-

136 893 382 968 sacerdotium
414 893 616 965 Abiatharo
648 893 830 983 auferens,
862 894 964 967 dedit
994 896 1177 969 Zadocho.

137 1008 260 1080 Moses
292 1031 392 1101 ergo,
424 1007 557 1079 summi
583 1007 805 1095 sacerdotes,
832 1018 869 1080 et
895 1032 999 1104 reges
1026 1009 1088 1104 pii,
1116 1011 1179 1104 qui

137 1121 256 1194 Deum
267 1145 411 1215 semper
421 1121 459 1192 in
473 1121 582 1192 rebus
594 1120 799 1193 difficilibus
812 1122 1085 1213 consuluerunt,
1097 1147 1181 1219 pro-

135 1234 256 1329 phetae
271 1245 375 1307 erant
389 1235 560 1330 supremi.
599 1235 708 1309 Quod
725 1235 914 1330 prophetis
928 1236 1179 1310 extraordina-

136 1348 199 1421 riis
233 1349 407 1445 loquutus
441 1349 500 1435 sit,
532 1349 672 1421 dietum
708 1363 764 1420 est
798 1372 919 1445 supra.
983 1350 1179 1423 Quomodo

138 1472 262 1534 autem
287 1461 461 1556 loquutus
488 1474 544 1534 est
569 1462 617 1534 ad
642 1461 841 1557 prophetas
876 1463 943 1536 hos
978 1465 1180 1548 vocationis

138 1574 358 1670 perpetuae?
423 1575 462 1646 Si
486 1576 649 1647 dicamus
671 1576 788 1648 Deum
813 1577 1008 1674 loquutum
1028 1602 1105 1650 esse
1123 1579 1180 1650 vel

136 1689 348 1785 apparuisse
366 1688 431 1776 eiS,
448 1703 559 1784 prout
576 1690 614 1761 iu
632 1714 698 1762 sua
719 1703 851 1763 natura
874 1692 1009 1780 existit,
1033 1691 1182 1788 negabi-

136 1827 217 1875 mus
235 1805 354 1875 Deum
372 1804 568 1891 infinitum,
586 1804 817 1891 invisibilem,
831 1804 1180 1900 incomprehensibi-

136 1917 209 1989 lem
222 1941 313 1989 esse.
341 1917 380 1989 Si
394 1917 558 1990 dicamus
571 1918 764 2014 loquutum
782 1941 860 1990 esse
878 1942 944 2014 per
961 1918 1180 1990 inlusionem

138 2030 309 2126 Spiritus
328 2030 473 2117 Sancti,
492 2042 672 2125 quatenus
691 2030 849 2125 Spiritus
868 2031 1025 2103 Sanetus
1044 2018 1181 2126 signifi-

138 2153 198 2214 cat
216 2142 446 2214 divinitatem
464 2143 592 2237 ipsam,
612 2143 836 2237 aequabimus
855 2145 999 2216 Mosem
1019 2143 1180 2232 Christo,

138 2256 176 2328 in
201 2279 273 2352 quo
298 2255 375 2326 solo
402 2255 573 2328 divinitas
596 2255 750 2345 (Coloss.
771 2256 807 2327 ii.
827 2262 864 2348 9)
880 2256 1025 2330 habitat
1048 2281 1182 2353 eorpo-

138 2368 288 2441 raliter.
320 2368 522 2456 Postremo,
537 2368 567 2440 si
581 2368 746 2440 dieamus
759 2368 953 2462 loquutum
971 2371 1088 2443 Deum
1104 2393 1181 2443 esse

138 2506 204 2578 per
222 2481 407 2577 Spiritum
427 2481 615 2570 Sanctum,
641 2494 820 2576 quatenus
848 2484 1006 2578 Spiritus
1025 2485 1180 2556 Sanetus

138 2595 320 2690 signifieat
336 2596 474 2690 gratias
493 2594 645 2681 divinas,
666 2594 756 2666 nihil
774 2594 844 2668 illis
862 2596 1095 2668 attribuimus
1121 2620 1181 2668 su-

137 2708 381 2805 pernaturale.
421 2708 599 2780 Homines
613 2708 709 2780 enim
725 2708 771 2779 ad
784 2708 972 2803 pietatem,
987 2709 1180 2804 justitiam,

138 2821 437 2910 misericordiam,
456 2822 659 2910 veritatem,
677 2821 800 2908 fidem,
816 2833 854 2893 et
871 2822 1050 2893 virtutum
1066 2845 1181 2916 genus

139 2960 260 3023 omne,
274 2946 354 3007 tum
372 2933 510 3005 morale
528 2945 606 3006 tum
625 2934 884 3023 intellectuale,
903 2934 1065 3030 disponit
1083 2935 1181 3006 Deus

138 3073 205 3145 per
231 3049 448 3136 doctrinam,
467 3048 684 3143 exemplum,
709 3048 870 3143 aliasque
896 3048 972 3120 vias
997 3047 1181 3121 naturales

139 3175 177 3235 et
207 3161 449 3258 quotidianas.
508 3161 704 3236 Quomodo
736 3185 824 3258 ergo
855 3163 954 3234 Deus
984 3162 1182 3257 prophetas

139 3289 325 3371 perpetuae
339 3274 541 3346 vocationis
559 3275 769 3371 alloquutus
787 3285 854 3364 est,
873 3275 1019 3371 quaudo
1037 3276 1083 3346 ab
1111 3273 1182 3345 illis

140 3389 410 3476 consulebatur,
426 3387 603 3484 seriptum
616 3413 692 3461 nou
706 3389 863 3475 invenio,
882 3389 951 3460 nisi
970 3386 1070 3484 quod
1087 3411 1183 3459 sum·

139 3502 207 3574 mis
228 3501 478 3574 sacerdotibus
504 3501 542 3572 in
564 3502 703 3574 Sancto
725 3500 945 3572 Sanctorum
969 3524 1035 3596 per
1055 3523 1183 3573 vocem

140 3640 185 3688 ex
202 3616 299 3687 inter
327 3613 555 3686 Cherubinos
580 3614 754 3708 loquutus
776 3625 853 3696 est;
881 3614 946 3687 sed
965 3639 1034 3687 vox
1052 3615 1125 3703 illa,
1142 3624 1184 3686 ut

140 3739 178 3799 et
204 3737 339 3800 caetera
363 3728 486 3799 omnia
512 3726 644 3799 divinae
669 3727 873 3823 praesentire
900 3729 1016 3823 signa,
1034 3728 1184 3822 angelus

141 3841 215 3914 diei
232 3853 366 3938 potest,
385 3842 693 3937 quemadmodum
713 3841 854 3914 somnia
871 3853 909 3914 et
927 3854 1062 3914 caetera
1079 3841 1185 3936 signa

141 3955 444 4052 supernaturalia.

192 4068 382 4164 Prophetis
400 4080 524 4140 autem
541 4068 745 4140 vocationis
762 4080 962 4163 perpetuae,
978 4067 1042 4140 sed
1055 4067 1184 4139 subor-

142 4182 289 4271 dinatis,
308 4182 501 4277 loquutum
533 4205 610 4253 esse
640 4183 759 4254 Deum
791 4181 1129 4276 supernaturaliter,
1148 4180 1186 4251 in

144 4295 342 4391 Scripturis
356 4319 535 4391 nusquam
549 4307 705 4385 constat,
718 4294 782 4368 sed
796 4295 1011 4368 naturaliter
1028 4306 1185 4383 tantum,

1008 4431 1071 4480 xa
