2926 4980
361 322 436 387 548
599 336 813 389 neesson
830 336 885 389 AB
904 336 1165 389 murum.

184 535 263 584 cap,
276 536 314 585 ιι,
409 502 459 574 Β.
488 503 563 575 lex
577 503 757 576 naturalis
772 516 924 593 aeterna,
943 502 1079 594 divina,
1096 516 1137 578 et
1152 503 1349 578 cordibus
1367 529 1431 579 so-

175 620 318 724 ffi
360 616 549 689 lnmmodc
566 618 745 714 inscripta
759 630 828 691 est.
879 617 991 692 Pauci
1015 630 1141 692 autem
1156 629 1267 707 sunt,
1295 619 1371 714 qni
1388 619 1430 692 in

361 754 428 802 sna
453 731 617 826 ipsorum
641 731 756 805 eorda
780 732 973 828 inspicere,
990 743 1030 805 et
1051 755 1135 828 qnae
1159 730 1242 804 illic
1274 731 1429 829 scripta

361 860 447 916 sunt
480 846 602 918 sciunt
631 846 767 942 legere.
827 845 959 940 Itaque
992 870 1075 942 quae
1102 844 1295 934 facienda,
1335 870 1426 942 quae

360 957 537 1053 fugienda
561 959 648 1045 sint,
665 984 688 1033 a
704 959 848 1055 iegibus
873 960 1020 1055 seriptis
1046 957 1220 1041 discunt;
1249 959 1424 1033 faciunt-

360 1095 433 1167 que
445 1085 484 1143 et
500 1071 660 1166 fugiunt,
676 1086 789 1168 prout
804 1071 969 1168 praerisis
985 1072 1103 1168 poenis
1112 1070 1308 1145 videbitur
1325 1073 1421 1147 sibi-

360 1199 435 1256 met
463 1184 552 1280 ipsis
576 1185 668 1257 utile
684 1185 745 1257 rel
771 1185 1000 1258 damnosum.
1052 1186 1240 1259 Praeterea
1269 1187 1419 1284 siquid

359 1298 497 1369 sartum
514 1299 562 1369 sit
579 1312 710 1370 contra
726 1298 846 1395 legem
861 1299 1080 1387 naturalem,
1097 1323 1174 1372 non
1196 1299 1238 1372 id
1265 1300 1416 1373 crimen

359 1411 482 1482 rocnri
496 1410 602 1497 solet,
619 1409 687 1482 sed
701 1426 909 1506 peceatum,
926 1411 1038 1508 idque
1053 1411 1122 1485 sibi
1138 1413 1416 1508 poenitcntibns

359 1522 484 1595 statim
513 1522 803 1596 condonandum
820 1524 1044 1612 existimant,
1061 1524 1132 1597 nisi
1162 1547 1252 1597 curn
1283 1525 1413 1622 aliquo

360 1636 496 1707 damno
508 1635 669 1708 civitatis
686 1637 745 1709 rei
761 1636 921 1732 proximi
933 1638 1173 1733 conjunctum
1189 1637 1263 1710 sit:
1284 1662 1409 1735 neque

359 1762 450 1821 tunc
466 1749 620 1821 ulterius
642 1751 765 1846 puniri
790 1774 829 1823 se
846 1774 954 1847 posse
971 1762 1116 1847 putant,
1139 1773 1254 1846 quam
1271 1763 1318 1825 ut
1339 1777 1409 1849 pro

360 1860 496 1936 damno
509 1863 611 1935 illato
627 1864 877 1947 sadsfacinnn
903 1864 1080 1937 malitiam
1095 1877 1224 1937 autem
1241 1865 1314 1938 soli
1327 1865 1407 1939 Dco

360 1974 584 2071 puniendam
600 1975 770 2072 relinqui.
813 1978 911 2050 Nam
927 1978 960 2051 si
976 1990 1151 2074 peccator
1166 1989 1403 2073 peccatorem

359 2090 490 2185 puniat
515 2090 657 2185 peccmi
674 2090 787 2162 solius
802 2091 966 2178 nomine,
981 2105 1180 2187 postquam
1205 2090 1285 2188 legi
1298 2091 1401 2164 ntis·

359 2204 498 2278 sactum
517 2207 578 2293 sit,
597 2205 715 2277 simile
732 2219 788 2278 est
806 2206 892 2278 belli
908 2206 1038 2279 civilis.

410 2322 458 2389 A.
486 2318 599 2405 Quid,
616 2319 647 2390 si
675 2319 758 2414 quis
778 2319 910 2392 atheus
936 2319 997 2407 sit,
1020 2343 1089 2391 ncc
1105 2319 1154 2391 sit
1179 2318 1242 2391 lex
1267 2320 1405 2417 scripta

360 2456 443 2526 quae
462 2431 612 2504 modum
630 2456 750 2527 poenae
767 2431 932 2521 definiat,
949 2455 1073 2505 nonne
1090 2432 1295 2528 punietur?

407 2545 457 2616 B.
486 2544 661 2616 Punietur
678 2545 857 2640 profecto,
875 2558 914 2617 et
931 2545 1156 2640 gravissffle
1209 2544 1287 2617 Sed
1303 2546 1409 2641 prius

359 2658 601 2745 accusandus,
619 2658 836 2745 andiendus,
854 2672 891 2731 et
910 2657 1140 2730 damnandus
1161 2670 1230 2730 est.
1286 2659 1411 2732 Accu·

359 2772 430 2841 sari
458 2788 581 2843 antem
609 2786 745 2868 praeter
773 2772 915 2844 dietum
932 2786 972 2843 et
988 2771 1138 2858 factum,
1156 2771 1249 2842 nihil
1267 2785 1409 2866 potest.

360 2886 504 2958 Quibus·
529 2901 653 2957 antem
670 2886 777 2957 factis
799 2899 977 2979 arguetur
993 2883 1220 2956 atheismus?
1274 2885 1409 2960 Quod-

359 3024 443 3070 nam
459 3000 556 3071 enim
574 3000 714 3071 factum
731 2998 904 3071 audivisti
918 3022 1081 3093 unquam
1095 3011 1172 3069 tam
1182 2996 1410 3072 sceleratum

359 3129 422 3185 aut
451 3114 615 3209 impium,
643 3115 747 3207 cujus.
773 3112 890 3184 simile
919 3135 993 3184 non
1010 3111 1246 3183 commissum
1268 3110 1320 3183 sit
1337 3112 1409 3185 ali-

358 3227 505 3321 quando
529 3227 576 3298 ab
594 3225 676 3310 illis,
695 3227 758 3321 qni
775 3249 851 3297 non
870 3223 979 3296 modo
999 3228 1074 3296 non
1092 3234 1271 3320 putantur
1289 3224 1407 3314 athei,

358 3340 422 3412 sed
440 3341 551 3412 etiam
569 3338 795 3435 professione
813 3354 920 3410 tenus
938 3352 1026 3409 sunt
1039 3336 1261 3410 Christiani?
1316 3337 1409 3411 Non

358 3476 446 3547 ergo
464 3478 508 3525 ex
527 3453 634 3526 factis
647 3452 837 3546 judicatur
849 3452 989 3523 atheus.
1018 3452 1127 3523 Dicto
1138 3450 1250 3545 igitur
1263 3449 1406 3546 alique,

358 3566 433 3638 sive
451 3568 595 3662 prolato
613 3565 688 3637 sive
708 3567 861 3662 scripto,
876 3589 961 3637 reus
983 3566 1075 3654 fieri,
1093 3587 1212 3660 neque
1229 3563 1305 3635 ullo
1331 3565 1407 3638 alio

358 3680 481 3768 modo,
499 3693 644 3777 potest;
674 3702 819 3776 nempe,
848 3681 878 3752 si
903 3679 1041 3752 directe
1069 3677 1258 3774 negaverit
1280 3677 1407 3751 Deum

360 3817 449 3865 esse.

411 3907 459 3978 A.
488 3907 621 3979 Nonne
653 3904 784 3977 atheus
811 3906 956 3979 dicetur
981 3907 1092 3979 etiam
1118 3906 1161 3993 is,
1180 3905 1243 4001 qni
1267 3904 1407 3979 dixerit

360 4021 592 4114 scrip-eritve
609 4020 659 4106 id,
678 4040 724 4089 ex
743 4042 815 4113 quo
842 4019 961 4093 Deum
987 4044 1061 4091 non
1088 4042 1167 4091 esse
1193 4021 1406 4093 necessario

359 4133 551 4228 sequitur?

410 4248 459 4318 B.
488 4247 545 4318 Ita
563 4270 663 4333 sane,
681 4247 711 4317 si
730 4247 820 4341 ipse,
834 4245 981 4341 quando
999 4244 1038 4318 id
1055 4243 1150 4317 dixit
1167 4244 1225 4318 rel
1242 4245 1406 4340 scripsit,

360 4359 632 4454 consequentiae
649 4357 733 4431 talis
750 4357 1006 4432 necessitatem
1024 4356 1128 4430 sidit.
1166 4357 1262 4429 Nam
1276 4355 1405 4445 sidic-
