2926 4980
501 392 554 446 nn
574 392 782 446 crvrrarn.
1097 377 1166 446 189

119 561 301 658 signetur,
316 584 488 634 mensura
499 584 622 635 rerum
635 560 978 635 commutandarum
992 558 1080 632 satis
1092 559 1168 632 ido·
1185 596 1263 648 epp,
1279 601 1316 653 x,

121 699 195 749 nea
211 686 291 756 est;
318 673 520 747 sed'aurea
540 685 579 747 et
602 685 779 770 argentea
800 673 935 770 ubique
958 674 1079 757 valet;
1115 672 1166 745 ci·
1179 687 1316 791 &M

120 789 274 861 vitatem
291 800 459 883 permeat
474 819 484 871 ;
511 787 664 882 singulis
681 787 820 860 civibus
841 787 1064 882 permeando
1083 809 1165 882 per·
1178 811 1316 888 coaonae

122 912 200 975 tem
217 901 287 990 sui,
300 925 374 997 qua
386 900 509 975 alendi
525 902 610 991 sint,
624 902 799 998 impertit,
810 912 847 975 et
858 913 914 974 est
928 900 1032 997 quasi
1042 900 1168 973 civita·
1179 882 1316 936 “mmm

122 1013 171 1087 tis
187 1014 349 1111 sanguis.
403 1015 560 1110 Sanguis
572 1015 670 1087 enim
681 1015 793 1088 etiam
806 1039 852 1087 ex
863 1028 972 1088 terrae
988 1014 1168 1088 fructibus

122 1128 290 1201 nascitur
306 1128 344 1200 in
360 1128 509 1201 homine
536 1129 718 1214 naturali;
746 1142 784 1202 et
814 1153 881 1225 per
903 1130 1068 1202 membra
1090 1130 1168 1225 ejus

124 1240 271 1337 singula
304 1240 516 1314 circulando
549 1242 731 1337 pervadit,
766 1241 912 1337 singula
945 1242 1066 1315 obiter
1099 1266 1168 1314 nu-

122 1353 251 1427 triens.

174 1466 334 1539 Pecunia
351 1490 462 1539 aurea
491 1477 530 1539 et
556 1478 742 1563 argentea,
762 1467 849 1562 quia
874 1477 1025 1563 propter
1053 1467 1169 1563 ipsam

121 1580 316 1652 materiam
332 1580 572 1668 aestimantur,
592 1581 765 1653 eximium
782 1581 852 1652 hoc
863 1580 986 1669 habet,
997 1592 1039 1653 ut
1055 1604 1168 1677 penes

122 1717 237 1766 unam
254 1703 320 1767 aut
334 1717 471 1789 paucas
489 1693 655 1768 civitates
673 1717 746 1766 non
762 1693 810 1766 sit
826 1694 985 1788 pretium
1010 1695 1088 1790 ejus
1105 1705 1170 1766 aut

121 1830 260 1903 augere
281 1825 346 1879 aut
376 1806 551 1879 minuere.
604 1807 765 1880 Pecunia
787 1819 911 1879 autem
943 1831 989 1879 ex
1017 1806 1171 1879 materia

121 1921 252 1994 viliore
269 1919 367 1992 facta
384 1918 490 1991 facile
504 1918 625 2015 quoad
638 1919 798 2014 pretium
816 1919 979 1992 elevatur
996 1930 1034 1992 et
1051 1920 1171 2017 depri-

121 2033 261 2117 mitnr;
288 2055 409 2129 neque
439 2032 582 2105 efficere
610 2044 733 2129 potest
757 2043 798 2104 ut
824 2032 984 2105 civitatis
1012 2033 1120 2119 vires,
1138 2034 1169 2106 si

122 2171 217 2244 opus
236 2144 320 2233 erit,
336 2145 376 2217 in
403 2157 572 2218 externas
597 2145 762 2218 civitates
790 2146 1049 2233 extendantur,
1068 2170 1170 2219 exer-

122 2260 293 2354 citusque
313 2257 403 2330 foris
420 2257 494 2330 alat
512 2270 712 2354 armetque,
741 2257 838 2329 sicut
859 2270 982 2354 potest
1007 2282 1119 2331 aurea
1132 2270 1170 2331 et

123 2370 394 2469 argentea3sed
405 2370 504 2443 domi
515 2381 640 2444 manet
649 2369 952 2444 coelimutationis
963 2371 1169 2467 impatiens,

124 2484 237 2557 modo
255 2508 340 2557 cum
357 2486 507 2581 majore,
526 2485 635 2557 modo
651 2509 737 2557 cnm
757 2485 899 2557 minore
917 2485 1169 2577 aestimatione,

124 2597 174 2672 ad
192 2598 367 2671 damnum
381 2598 579 2695 aliquando
596 2598 872 2695 possidentium.

176 2711 318 2784 Publici
343 2712 452 2808 hujus
477 2711 665 2807 sanguinis
689 2711 820 2784 ductus
839 2711 973 2807 duplex
991 2724 1059 2801 est,
1077 2713 1171 2785 alter

124 2823 174 2898 ad
187 2824 382 2913 exteriora,
400 2823 493 2896 alter
509 2847 635 2896 versus
653 2824 841 2913 interiora,
860 2824 980 2913 idest,
995 2825 1113 2897 exitus
1131 2836 1170 2897 et

124 2936 278 3010 reditus.
329 2936 484 3010 Reditus
501 2939 543 3009 fit
564 2961 630 3034 per
647 2937 874 3027 collectores,
888 2949 1108 3033 receptores,
1122 2937 1170 3010 ad

124 3049 395 3132 thesaurari0s3
422 3049 541 3122 exitus
568 3052 612 3122 fit
633 3073 699 3146 per
717 3050 963 3123 thesaurarios
981 3051 1029 3124 ad
1047 3051 1170 3124 minis·

125 3173 204 3236 tros
220 3163 313 3252 illos,
326 3164 388 3258 qni
405 3164 600 3259 pecuniam
611 3163 794 3259 publicam
808 3176 974 3261 erogant,
989 3178 1027 3237 et
1039 3167 1085 3237 ab
1099 3165 1170 3237 illis

126 3275 177 3348 ad
193 3275 293 3348 cives
310 3277 484 3372 privatos.
535 3277 659 3372 Atque
687 3277 725 3350 in
753 3278 823 3350 hoc
851 3301 998 3374 quoque
1014 3277 1171 3350 hominis

126 3387 328 3462 artificialis
354 3399 507 3486 apparet
533 3389 734 3463 similitudo
757 3414 842 3462 cum
860 3390 1040 3473 naturali3
1067 3392 1171 3487 cujus

126 3525 244 3591 venae,
262 3502 477 3597 sanguinem
504 3503 715 3599 apartibus
741 3505 905 3600 corporis
930 3503 1171 3577 exterioribus

126 3613 357 3710 recipientes,
374 3614 498 3686 ferunt
515 3615 562 3687 ad
588 3639 674 3700 cor;
704 3615 802 3688 unde
830 3640 956 3689 rursus
979 3640 1045 3712 per
1075 3625 1170 3689 arte-

127 3727 204 3799 rias
225 3727 355 3816 fertur,
373 3728 539 3800 membra
561 3728 760 3818 vivificans,
784 3740 822 3801 et
852 3728 1004 3824 singulis
1027 3741 1171 3801 motum

127 3840 306 3913 tribuens.

179 3951 348 4026 Civitatis
367 3952 525 4048 denique
542 3953 662 4049 proles
687 3953 841 4027 coloniae
861 3967 958 4045 sunt,
986 3955 1062 4027 sive
1080 3978 1170 4050 quas

128 4089 301 4138 vocamus
319 4065 595 4162 plantationes,
625 4067 809 4153 nimirum,
837 4067 937 4140 missi
971 4092 994 4139 a
1020 4067 1171 4140 civitate

130 4176 264 4250 civium
288 4177 433 4250 numeri
451 4179 518 4251 sub
537 4179 760 4253 conductore
778 4180 836 4253 vel
852 4192 1007 4269 rectore,
1035 4191 1171 4253 terram

131 4301 320 4366 externam
332 4291 533 4365 habitaturi
544 4293 762 4390 cultorique.
815 4293 1171 4389 Hujusmodiautem
