2926 4980
514 345 568 397 nn
588 345 772 397 nonnus.
1111 329 1160 394 93

111 517 338 590 ceremoniae
355 515 466 589 alicui
476 516 730 612 praetermissae
743 517 980 612 imputarent.
1022 514 1162 588 Quam·
1195 545 1273 595 cap,
1286 544 1349 595 χιι.

114 655 230 728 qnam
248 642 374 703 autem
390 629 491 725 apud
502 630 687 703 Romanos
700 640 844 703 veteres
858 653 902 701 ea
911 651 1062 723 negare,
1080 651 1163 723 quae
1190 625 1345 743 DJ&

117 745 164 818 de
181 742 328 840 gaudiis
341 753 379 816 ct
388 743 507 839 poenis
523 757 608 840 post
624 745 721 816 hanc
731 744 845 816 vitam
860 742 1014 838 apoetis
1027 742 1165 837 scripta

117 870 240 946 erant,
257 881 332 930 non
356 856 625 953 prohiberetur,
644 869 682 930 et
705 856 813 929 multi
843 856 967 951 magni
994 854 1166 950 gravissi-

119 972 246 1067 mique
261 970 331 1042 viri
358 993 402 1042 ea
427 970 573 1066 publice
598 969 822 1059 deriderent,
839 968 931 1041 fides
952 981 1077 1042 tamen
1104 968 1167 1041 illa

120 1084 240 1180 magis
257 1107 369 1180 quam
388 1083 573 1156 contraria
590 1106 733 1179 semper
750 1083 927 1156 alebatur.

174 1198 243 1270 Per
258 1196 326 1268 has
349 1195 556 1291 similesque
579 1196 840 1285 institutiones
858 1194 907 1268 ad
919 1196 1030 1267 finem
1047 1217 1166 1282 suum,

123 1334 255 1406 nempe
280 1333 411 1407 pacem
436 1309 606 1395 civitatis
624 1310 695 1383 hoc
712 1311 841 1383 saltem
859 1309 1107 1396 obtinuerunt,
1126 1317 1169 1380 nt

123 1423 281 1522 populns
296 1422 524 1495 calamitates
541 1446 625 1495 snas
648 1424 764 1497 errori
782 1423 892 1496 alicui
908 1422 966 1495 vel
983 1420 1168 1517 neglectui

125 1539 162 1610 in
180 1535 336 1632 agendis
352 1535 478 1625 sacris,
491 1535 550 1614 vel
562 1535 720 1632 propriis
733 1536 857 1633 legum
870 1534 1169 1630 transgressioni·

124 1652 192 1723 bus
209 1648 428 1737 attribuens
447 1648 568 1721 minus
594 1659 723 1722 contra
746 1661 907 1721 rectores
935 1671 1020 1720 snos
1038 1646 1170 1719 incita-

123 1775 239 1851 retur,
256 1761 354 1834 lndis
370 1761 587 1856 pompisque
605 1761 747 1834 dierum
764 1762 942 1833 festorum
960 1770 1170 1833 contentus.

124 1878 271 1972 Itaque,
288 1898 336 1947 ne
354 1885 493 1947 statum
505 1876 756 1963 conturbaret,
767 1875 869 1948 nulla
885 1898 925 1947 re
940 1886 1076 1969 praeter
1093 1873 1171 1946 dies

123 1989 239 2062 festos
258 2000 296 2061 et
312 2011 447 2083 panem
464 1987 690 2084 indigebant.
728 1989 885 2061 Omnem
898 1988 1013 2083 igitur
1024 1987 1173 2083 religio·

125 2126 213 2176 nem
239 2101 410 2190 Romani,
429 2114 612 2174 terrarum
637 2101 714 2174 fere
739 2101 903 2174 omnium
921 2100 1071 2189 domini,
1090 2123 1173 2196 qnae

125 2240 204 2288 non
216 2215 378 2287 habebat
391 2213 530 2310 aliquid
543 2215 632 2287 inse
646 2215 816 2311 regimini
827 2214 924 2287 civili
936 2214 1173 2302 contrarium,

127 2328 236 2401 facilc
266 2327 498 2411 tolerabant3
525 2351 646 2423 neque
671 2328 782 2400 ullius
812 2329 933 2424 gentis
956 2328 1174 2423 religionem

130 2442 261 2514 Romae
271 2441 424 2513 vetitam
439 2463 517 2513 esse
529 2441 685 2537 legimus
695 2454 941 2537 praeterquam
947 2440 1174 2528 ludaeorum,

131 2554 208 2649 qui,
227 2577 311 2626 cum
335 2564 461 2626 essent
478 2553 696 2649 jamdudum
720 2556 787 2626 sub
806 2577 960 2649 regnum
979 2553 1060 2641 Dei,
1079 2574 1176 2625 mor-

133 2667 199 2739 tali
225 2666 305 2762 regi
323 2664 475 2738 obedire
486 2666 655 2739 illicitum
673 2690 751 2739 esse
769 2665 1017 2739 crediderunt.
1071 2666 1177 2738 Patet

132 2802 221 2874 ergo
239 2777 459 2873 religionem
480 2777 578 2873 apud
593 2778 761 2850 ethnicos
786 2777 926 2874 politiae
944 2801 1020 2851 suae
1032 2791 1177 2878 partem

132 2889 255 2963 fuisse.

183 3003 258 3076 Ubi
277 3027 363 3075 vero
381 3026 448 3099 per
465 3002 727 3076 revelationem
744 3004 1057 3099 supernaturalem
1073 3004 1179 3100 plan-

133 3116 225 3189 tavit
254 3115 470 3211 religionem
499 3116 611 3204 Deus,
629 3117 680 3189 ibi
704 3117 814 3190 etiarn
832 3141 987 3213 regnum
1004 3119 1073 3191 sibi
1091 3142 1178 3191 con-

134 3228 228 3302 didit
254 3227 461 3324 pecnliare;
489 3229 718 3325 subditisque
747 3230 821 3302 suis
847 3230 946 3327 leges
971 3231 1085 3319 dedit,
1103 3254 1180 3303 non

136 3342 246 3416 modo
271 3342 371 3414 circa
399 3342 521 3414 officia
546 3366 674 3415 eorum
692 3366 780 3438 erga
797 3343 969 3439 scipsum,
987 3343 1051 3416 sed
1069 3343 1180 3415 etiam

138 3480 225 3551 erga
242 3478 281 3527 se
300 3453 468 3527 invicem.
522 3454 761 3527 Manifestum
792 3479 882 3550 ergo
913 3465 968 3528 est
998 3456 1037 3527 in
1065 3479 1180 3550 regno

139 3569 206 3642 Dei
218 3568 386 3664 politiam
399 3579 437 3639 et
450 3567 549 3661 leges
564 3568 687 3641 civiles
699 3593 825 3641 omnes
837 3569 1024 3665 religionis
1038 3580 1182 3665 partem

140 3705 238 3764 esse;
264 3679 422 3774 ideoque
440 3678 713 3752 distinctionem
740 3679 892 3753 dominii
916 3681 1126 3776 temporalis
1144 3692 1182 3754 et

140 3792 338 3890 spiritualis
362 3793 400 3864 in
426 3817 542 3889 regno
567 3794 636 3866 Dei
653 3793 792 3866 nnllam
817 3794 940 3866 fuisse.
994 3794 1093 3867 Deus
1111 3808 1183 3868 ter·

141 3932 264 3981 rarum
282 3905 432 4001 quidem
443 3907 606 3979 omnium
623 3930 688 3978 rex
703 3918 779 3987 est;
807 3905 858 3978 nil
873 3918 997 3978 tamen
1012 3907 1183 4001 probibet

142 4022 230 4116 quin
248 4020 369 4116 gentis
387 4020 540 4115 alicujus
554 4019 730 4116 peculiari
741 4018 851 4091 modo
868 4043 933 4091 rex
948 4042 1028 4092 esse
1045 4021 1183 4115 possit;

143 4133 243 4206 nulla
260 4133 357 4206 euim
371 4133 454 4205 istic
468 4133 719 4230 incongruitas
737 4144 804 4205 est.
855 4132 985 4205 Totins
1003 4134 1185 4206 exercitus

145 4247 354 4342 imperator,
366 4245 586 4341 peculiarem
604 4258 728 4320 tamen
747 4247 815 4318 sibi
832 4246 968 4318 babere
986 4259 1110 4342 potest
1124 4272 1185 4320 co·
