2926 4980
334 382 550 434 noaunnrx
569 381 624 432 nn
644 378 901 432 nuvrurnnn.
1067 363 1139 427 543

95 551 197 623 resis.
249 550 372 644 Atque
390 548 489 636 hinc,
507 560 689 642 quatenus
713 547 752 618 in
769 545 931 618 historiis
948 545 1139 640 explorare

94 663 210 760 potui,
226 663 330 756 origo
347 660 507 733 nominis
525 659 689 732 ecclesiae
706 657 898 730 catholicae
913 689 923 741 ;
948 657 1043 729 etin
1060 681 1138 730 om-

95 779 134 849 ni
153 774 308 849 ecclesia
325 772 535 846 catholicus
561 783 600 844 et
629 770 827 845 haereticae
843 794 953 843 voces
977 782 1064 843 suut
1079 794 1138 844 re-

95 889 230 962 lativae.

145 1007 194 1074 A.
223 1002 262 1075 si
272 1000 364 1073 nihil
375 999 476 1073 aliud
489 999 672 1095 significet
682 999 838 1071 ecclesia
847 998 1139 1087 catholica,mul-

96 1130 145 1190 tac
163 1138 250 1188 sane
264 1127 351 1186 sunt
368 1114 407 1186 in
425 1114 514 1186 orbe
529 1111 737 1185 Christiano
755 1112 920 1184 ecclesiae
934 1111 1137 1185 catholicae.

146 1231 196 1302 B.
222 1230 295 1300 'lot
312 1238 397 1300 sunt
414 1227 577 1300 ecclesiae
591 1225 794 1314 catholica,
809 1238 900 1320 quot
918 1238 1004 1298 sunt
1021 1225 1139 1298 accle-

96 1345 233 1416 siarum
252 1342 384 1436 capita.
437 1341 532 1413 Sunt
549 1351 672 1411 autem
696 1349 754 1410 tot
782 1339 915 1434 capita,
933 1349 1027 1433 quot
1052 1351 1139 1411 sunt

99 1480 216 1552 regna
234 1466 271 1527 et
288 1454 503 1549 respublicae
521 1452 751 1525 Christianae.
789 1452 833 1523 In
850 1452 952 1524 omni
969 1452 1066 1524 enim
1083 1476 1140 1524 ra

96 1571 205 1666 gione
224 1568 527 1653 Christianorum,
546 1566 585 1638 iu
615 1589 660 1638 ea
685 1565 835 1659 regione
859 1565 1032 1661 princeps
1057 1566 1140 1638 sub-

97 1683 259 1756 ditorum
289 1705 438 1753 suorum
469 1691 582 1776 caput
605 1692 673 1767 est,
704 1701 773 1751 nec
799 1680 845 1751 ab
867 1678 939 1751 alio
966 1680 1006 1751 in
1032 1679 1141 1751 terris

97 1796 216 1892 capite
231 1795 425 1894 dependet.
453 1796 584 1889 ltaque
597 1803 688 1888 quot
698 1804 784 1865 suut
794 1792 958 1865 ecclesiae
968 1792 1140 1882 visibiles,

98 1920 154 1982 tot
172 1924 259 1981 sunt
270 1908 508 1980 ecclesiarum
524 1907 657 2001 capita.
699 1905 884 1978 Quoniam
902 1918 1027 1978 autem
1044 1906 1140 1979 elec-

96 2032 219 2094 tomm
236 2045 259 2093 a
284 2021 363 2093 Deo
382 2041 567 2104 numeruS,
594 2041 661 2113 per
677 2029 798 2090 totum
816 2017 942 2090 orbem
959 2030 1142 2091 terrarum

98 2135 369 2221 disseminatus,
389 2142 500 2228 caput
525 2132 665 2203 habens
687 2132 726 2203 in
753 2130 854 2203 coelis
871 2130 991 2227 ipsum
1015 2131 1142 2203 Jesum

99 2249 300 2333 Christum,
315 2246 450 2318 dicitur
465 2256 502 2317 et
516 2257 572 2316 est
584 2267 672 2316 vera
688 2243 844 2317 ecclesia
861 2244 1143 2316 catholicissima

98 2373 135 2434 et
148 2362 280 2442 unioa;
307 2359 370 2431 illa
388 2382 534 2455 quoque
552 2370 620 2445 est,
638 2358 677 2429 in
695 2381 806 2454 quam
825 2356 976 2430 credere
992 2357 1143 2453 profite-

97 2498 180 2546 mur
198 2475 236 2545 in
253 2473 339 2545 fidei
358 2473 535 2568 symbolo.
575 2472 687 2544 Nulla
703 2472 801 2545 enim
819 2472 892 2544 alia
909 2484 965 2545 est
981 2485 1047 2544 aut
1063 2480 1143 2545 esse

98 2599 220 2683 potest
235 2585 391 2657 ecclesia
404 2585 598 2675 catholica,
611 2585 641 2657 si
658 2585 769 2657 modo
784 2586 967 2658 catholica
977 2597 1144 2659 sumatur

97 2725 165 2797 pro
184 2700 354 2772 omnibus
373 2699 481 2771 simul
500 2699 730 2772 Christianis,
758 2701 802 2772 In
817 2700 1033 2772 Christianis
1044 2700 1143 2772 enim

99 2814 320 2902 civitatibus,
339 2837 494 2909 regnum
523 2826 561 2885 et
588 2813 743 2887 ecclesia
768 2814 926 2910 populus
952 2814 1050 2887 idem
1075 2826 1141 2888 est.

99 2928 229 3022 Itaque
260 2927 290 2999 si
320 2925 430 2998 alicui
464 2927 501 2998 in
533 2925 641 2999 terris
668 2926 946 3015 concederetur,
974 2940 1017 3000 ut
1047 2939 1142 3000 esset

98 3040 213 3113 totius
231 3039 394 3113 ecclesiae
410 3039 628 3112 Christianae
647 3054 771 3135 caput,
790 3040 910 3112 eidem
928 3041 1037 3113 simul
1054 3064 1142 3113 cou-

98 3155 292 3226 cederetur
315 3166 358 3225 ut
382 3165 477 3225 esset
494 3176 693 3249 regnorum
722 3166 760 3225 et
787 3154 1142 3250 rerumpublicarum

98 3267 262 3340 omnium
279 3290 356 3339 rex.

148 3381 184 3453 A
189 3437 196 3453 .
225 3381 407 3454 Quaenam
424 3392 532 3452 erant
549 3379 612 3451 illa
630 3377 805 3473 dogmata
822 3380 868 3451 ab
885 3379 1050 3452 ecclesiis
1066 3380 1143 3476 pri-

99 3495 234 3567 mitivis
252 3493 445 3590 appellatae
464 3491 656 3565 hareses?

149 3608 198 3680 B.
226 3608 328 3679 Inter
356 3607 492 3678 multas
522 3606 611 3678 alias
646 3606 841 3702 praecipuae
868 3606 1030 3695 fuerunt,
1061 3629 1145 3704 quae

98 3721 333 3817 pertinebant
343 3718 391 3791 ad
406 3720 614 3792 doctrinam
627 3720 921 3815 Trinitatisquae
934 3722 1145 3794 continetur

98 3837 137 3907 in
154 3834 239 3905 fidei
259 3833 423 3928 symbolo
442 3833 597 3905 Niceno.
643 3833 753 3909 Quod
771 3834 919 3929 quidem
938 3835 1143 3931 symbolum

98 3946 273 4019 constitui
300 3945 413 4040 coepit
439 3945 477 4016 in
506 3946 674 4019 Concilio
701 3947 945 4020 OEcumeuico
975 3949 1144 4031 Niceno;

99 4059 308 4132 absolutum
327 4070 449 4129 autem
464 4071 521 4130 est
538 4083 561 4130 a
578 4060 695 4132 tribus
709 4060 884 4133 Conciliis
896 4062 1144 4135 OEcumenicis

98 4172 348 4268 sequentibus,
363 4194 496 4266 nempe
510 4172 930 4270 Constantinopolitano,
945 4176 1143 4271 Ephesin0‚

98 4286 401 4372 chalcedonensi,
420 4300 458 4358 et
483 4287 529 4358 ab
548 4288 831 4383 imperatoribus
861 4289 1036 4362 Romanis
1063 4290 1143 4363 illo-

1188 577 1265 626 cnl’.
1281 577 1319 628 11.

1179 660 1321 689 »ηρ-μ

1181 722 1215 765 De
1225 721 1311 766 haral.
