2926 4980
515 356 570 408 us
590 355 773 409 nomino.
1117 343 1165 409 43

120 536 329 621 estpraeter
342 532 486 597 motum
497 534 621 598 ortum
633 526 681 597 ab
694 525 838 598 actione
848 525 1091 620 objectorum,
1102 525 1168 620 qui
1206 559 1345 609 cim,

119 650 250 713 tamen
266 636 313 710 ad
327 637 461 725 usum,
472 636 540 710 lac
556 648 595 710 et
611 637 741 720 color:
767 637 816 710 ad
832 637 1011 726 auditum,
1029 662 1141 710 sonus
1152 638 1346 745 5⁸⁹?ssss

119 751 171 825 ad
184 751 374 839 olfactum,
389 750 497 839 odor,
508 763 597 826 etc:
616 751 670 824 ita
682 752 817 848 objecti
831 716 1349 876 aeti0‚00ntinuata1npiiissg¹'oi⁸u·

119 863 318 952 adoculos,
332 886 453 953 aureus,
464 864 607 960 aliaque
619 887 792 937 sensuum
803 888 953 961 organa,
965 865 1057 938 nihil
1068 846 1190 938 aliudv
1212 836 1350 884 'mmm'

119 989 178 1052 ast
206 987 344 1072 praeter
372 985 506 1049 motum
531 977 590 1049 vel
618 987 799 1067 conatam,
834 978 1094 1051 consistentem
1128 978 1168 1051 in

121 1090 290 1187 appetitu
312 1087 373 1161 vel
398 1087 489 1184 fuga
515 1089 660 1184 objecti.
711 1090 903 1186 Apparitio
926 1102 1050 1164 tamen
1067 1091 1167 1163 illius

122 1216 246 1278 motus
277 1201 343 1276 illa
372 1213 429 1275 est
456 1225 539 1296 quae
555 1216 710 1277 vocatur
734 1214 799 1276 aut
823 1203 997 1302 voluptas
1014 1216 1079 1278 aut
1094 1229 1168 1276 oro-

122 1316 237 1391 lestio
253 1314 384 1388 animi.

172 1428 361 1502 Quoniam
378 1439 504 1500 autem
530 1439 652 1500 motus
668 1426 741 1516 hic,
760 1438 911 1524 propter
927 1429 1167 1525 voluptatem,

121 1541 270 1615 ridetur
287 1563 365 1613 esse
378 1552 502 1613 motus
518 1540 639 1613 vitalis
656 1539 825 1635 adjutor3
856 1564 901 1613 ea
920 1565 1005 1637 quae
1025 1552 1167 1614 motum

121 1655 221 1729 hunc
231 1653 397 1727 efficiunt
406 1653 532 1725 vocari
546 1652 676 1741 solent,
687 1676 757 1725 nec
770 1653 981 1750 improprie,
995 1655 1168 1727 nimirum

121 1791 145 1839 a
155 1766 335 1863 juvando,
351 1766 553 1860 ,impilm
579 1777 616 1839 et
640 1790 767 1839 eorum
784 1768 980 1858 contraria,
999 1767 1166 1841 molesto.

122 1880 335 1954 Jucundum
348 1904 438 1974 ergo
455 1892 512 1952 est
524 1903 717 1977 appareas
729 1882 890 1953 bonum:
918 1893 957 1954 et
973 1882 1168 1955 molestum

124 2017 319 2092 apparens
331 1992 481 2065 malum.
517 1992 646 2087 Itaque
658 1994 843 2089 appetitus
857 1994 975 2067 omnis
992 2018 1167 2091 amorque

123 2108 343 2203 conjunctus
369 2116 426 2178 est
453 2129 537 2178 cum
554 2105 743 2201 voluptate
759 2106 904 2204 aliqna;
931 2117 970 2179 et
987 2107 1112 2180 odium
1129 2119 1167 2180 et

123 2220 224 2317 iuga,
243 2244 328 2293 cum
345 2218 516 2292 molestia
532 2218 664 2312 aliqua.

174 2334 415 2429 Voluptatum
443 2332 522 2404 aliae
552 2333 598 2405 ab
623 2332 758 2427 objecti
782 2334 973 2429 praesentis
998 2334 1216 2454 sensioneVl
1248 2416 1303 2455 aa.

124 2447 304 2535 oriuntur,
316 2470 401 2542 quae
415 2446 538 2518 vocari
555 2456 709 2542 possunt
722 2445 935 2544 uoluptates
952 2445 1145 2518 sensuales
1151 2425 1293 2528 mildae,
1302 2481 1324 2519 a
1334 2491 1369 2519 va

126 2583 207 2655 quae
223 2583 308 2648 vox,
327 2571 525 2654 antequam
553 2560 633 2655 lege
661 2559 963 2648 condemnentur,
980 2558 1073 2631 nihil
1090 2542 1270 2631 cul-¹¹¹¹'m
1285 2541 1359 2585 Μ’

124 2672 244 2768 pabile
274 2672 541 2766 consignificat.
599 2673 720 2768 Hujus
746 2673 893 2768 generis
922 2684 1008 2744 sunt
1038 2695 1166 2744 onera-

125 2788 243 2861 tiones
260 2798 298 2860 et
314 2786 593 2859 exonerationes
610 2787 797 2882 corporis;
824 2785 999 2883 quicquid
1016 2785 1107 2858 item
1119 2785 1168 2858 ad

126 2901 255 2990 visum,
282 2900 461 2990 auditum,
488 2899 674 2989 olfactum,
700 2910 861 2995 gustum,
879 2899 938 2973 vel
956 2910 1096 2972 tactum
1109 2901 1168 2996 ju·

126 3013 287 3087 cundum
297 3023 365 3085 est.
417 3013 510 3085 Aliae
524 3013 571 3085 ab
584 3013 838 3108 expectatione
856 3014 1034 3104 oriuntur,
1050 3013 1088 3086 id
1100 3025 1167 3102 est,

125 3151 149 3199 a
175 3126 393 3222 praevisione
419 3125 548 3198 finium
570 3126 629 3199 vel
657 3126 1001 3220 consequentiarum
1031 3150 1167 3214 rerum,

127 3240 202 3312 sive
227 3238 292 3311 illa
318 3238 367 3310 ad
392 3262 540 3311 sensum
565 3238 730 3334 jucunda
757 3239 833 3312 sive
857 3239 1058 3335 injucunda
1081 3240 1166 3312 sint.

126 3353 249 3448 Atque
277 3351 392 3424 animi
416 3352 624 3448 voluptates
649 3353 707 3425 hae
733 3363 818 3425 sunt
844 3352 926 3441 illis,
951 3353 1014 3448 qui
1040 3375 1168 3423 conse-

128 3465 296 3560 quentias
314 3463 394 3536 illas
406 3463 633 3559 praevident;
650 3475 901 3562 vocanturque
915 3490 988 3538 uno
1006 3465 1166 3554 nomine,
1176 3498 1294 3541 nonum.

124 3578 320 3677 goudium.
384 3577 569 3666 Similiter,
600 3578 849 3652 molestiarum
878 3579 959 3652 aliae
992 3578 1168 3652 insensu

128 3702 225 3779 sunt,
254 3701 505 3785 vocanturque
530 3691 679 3764 dolores
709 3691 898 3787 corporis;
926 3691 1006 3764 aliae
1034 3691 1072 3763 in
1106 3714 1168 3763 ex-

127 3804 349 3899 pectatione,
367 3815 404 3877 et
420 3803 650 3900 appellantur
668 3804 817 3878 dolores
834 3804 958 3877 animi.

179 3915 369 3990 Passiones
382 3929 504 3990 autem
515 3916 1166 4015 istaesimplicesuppetitus,cepido,

130 4053 245 4116 amor,
263 4029 423 4118 aversio,
442 4030 577 4119 odium,
589 4030 783 4128 gaudium,
798 4040 835 4102 et
846 4029 966 4118 dolor,
980 4055 1003 4102 a
1016 4029 1168 4103 diversis

130 4141 481 4215 considerationibus
494 4143 712 4239 quandoque
725 4144 915 4216 variantur
926 4143 1037 4216 etiam
1051 4145 1168 4217 nomi-

131 4253 248 4327 nibus.
301 4256 354 4329 Ut
370 4256 500 4351 primo,
516 4271 626 4354 prout
642 4258 813 4331 videntur
830 4256 910 4330 aliae
927 4257 1006 4331 aliis
1025 4282 1168 4330 succes-
