2926 4980
123 523 201 573 CAP.
213 525 287 575 xvl.

133 603 276 638 §.q—a

121 665 156 708 De
165 668 264 723 panionia

323 313 391 378 124
712 329 765 379 ua
785 327 967 379 nonnum

321 495 606 591 (capraruxv.)
624 494 724 569 dicta
741 508 839 584 sunt,
856 498 1066 572 veraetiam
1077 509 1163 571 sunt
1176 497 1240 570 ubi
1251 508 1360 592 pacta

317 611 411 682 fiunt
428 633 494 705 per
510 633 684 706 personas
709 611 1040 706 repraesentativas,
1066 612 1132 684 sed
1157 608 1359 684 secundum

121 731 287 777 authoribus
318 722 561 795 authoritates
578 721 647 794 sibi
665 727 867 797 concessas.

369 835 497 931 Itaque
518 834 580 931 qui
598 859 682 907 cum
699 846 824 909 actore
841 836 1052 932 paciscitur,
1071 838 1175 933 cujus
1193 835 1357 908 authori-

318 959 433 1020 tatem
450 949 579 1037 nescit,
599 949 748 1044 proprio
763 949 802 1022 id
815 949 906 1023 facit
918 950 1093 1046 periculo.
1121 950 1240 1022 Nemo
1259 949 1357 1020 euim

317 1073 426 1158 pacto
444 1063 639 1159 obligatur,
658 1065 763 1161 cujus
781 1065 858 1160 ipse
876 1077 942 1138 not
959 1066 1008 1138 sit
1026 1065 1169 1138 author.
1198 1063 1357 1138 Quando

317 1199 405 1272 ergo
419 1175 568 1272 aliquod
579 1186 708 1250 contra
718 1177 836 1273 legem
850 1188 992 1251 naturae
1005 1179 1227 1251 authoritate
1238 1177 1359 1250 aliena

315 1289 405 1362 facit
416 1300 530 1378 actor,
542 1313 617 1362 non
631 1300 733 1362 actor
746 1290 811 1363 sed
824 1291 958 1363 author
968 1291 1088 1387 legem
1101 1291 1227 1365 violat.
1247 1290 1357 1362 Actio

317 1401 464 1498 quidem
482 1416 614 1475 contra
629 1403 748 1500 legem
774 1414 842 1491 est,
860 1403 925 1476 sed
950 1428 1025 1476 non
1043 1405 1178 1477 actoris
1204 1403 1269 1476 sed
1294 1426 1358 1475 au·

315 1516 432 1589 thoris
449 1515 545 1588 actio
564 1527 639 1599 ast;
667 1516 753 1612 quia
769 1516 888 1612 legem
906 1517 1078 1590 violasset
1094 1527 1199 1590 actor
1224 1517 1253 1589 si
1280 1539 1356 1589 non

316 1629 475 1719 fecisset,
493 1653 577 1700 cum
594 1628 714 1701 facere
731 1641 860 1725 pactus
879 1642 987 1703 esset.

367 1742 536 1816 Quicum
546 1752 683 1830 actore,
694 1742 928 1816 authoritatis
943 1743 996 1815 illi
1009 1766 1193 1817 concessae
1207 1743 1356 1829 insciuS,

315 1855 427 1928 verbo
459 1857 536 1951 ejus
566 1855 719 1928 credens
749 1856 959 1950 paciscitur,
987 1857 1058 1929 nisi
1092 1857 1356 1930 authoritatem

314 1982 419 2042 actor
444 1980 592 2065 rogatus
618 1968 800 2059 ostendat,
817 1994 892 2042 non
911 1981 968 2044 θεῖ
983 1970 1139 2043 ulterius
1159 1970 1355 2066 obligatus

314 2083 466 2156 Pactum
481 2083 578 2154 enim
595 2082 673 2154 sine
697 2082 922 2155 authoritate
947 2083 1148 2156 invalidum
1168 2094 1235 2156 est.
1289 2082 1356 2156 Sin

315 2196 377 2291 qui
403 2205 534 2291 pactus
565 2194 623 2283 sit,
654 2193 761 2266 aliam
792 2194 1000 2267 cautionem
1032 2219 1107 2269 nou
1135 2195 1356 2292 expectabat

312 2319 448 2404 praeter
465 2306 601 2381 actoris
618 2307 771 2380 verbum
789 2318 869 2379 tum
887 2332 971 2381 cum
985 2308 1251 2404 paciscebatur,
1269 2332 1356 2403 pac-

314 2436 394 2497 tum
412 2436 542 2497 contra
558 2434 721 2496 actorem
738 2424 846 2512 valet,
866 2425 953 2521 quia
975 2449 1013 2498 se
1039 2426 1231 2499 authorem
1252 2423 1353 2497 fecit.

263 2594 267 2604 .
312 2540 361 2612 Et
386 2539 450 2626 sic,
475 2538 539 2609 ubi
566 2537 769 2611 authoritas
792 2538 986 2611 manifesta
1007 2549 1074 2627 est,
1102 2539 1259 2621 author;
1285 2539 1350 2610 ubi

312 2654 399 2726 ficta
416 2663 482 2741 est,
497 2662 602 2725 actor
619 2652 813 2747 obligatur.

363 2767 492 2840 Paucae
503 2789 560 2838 res
570 2776 666 2855 sunt,
674 2789 828 2861 quarum
838 2788 912 2838 non
922 2775 1077 2860 possunt
1087 2786 1165 2835 esse
1174 2786 1352 2859 personae.

313 2881 546 2975 Quamquam
571 2879 668 2951 enim
685 2902 843 2974 persona
860 2878 908 2951 sit
925 2901 992 2973 per
1016 2887 1187 2949 naturam
1214 2875 1353 2971 aliquid

312 2990 411 3087 quod
428 2990 611 3086 intelligit,
623 2991 661 3063 id
674 3002 810 3080 tamen,
822 2992 928 3087 cujus
941 3012 1099 3085 persona
1108 2989 1262 3084 geritur,
1274 3012 1350 3059 non

310 3126 453 3199 semper
470 3104 679 3176 necessario
697 3104 751 3176 ita
768 3114 836 3177 est.
889 3104 1018 3199 Itaque
1044 3103 1097 3174 rei
1124 3102 1348 3190 inanimata,

310 3227 352 3290 ut
365 3217 540 3306 ecclesiae,
551 3216 764 3305 nosocomii,
777 3217 911 3313 pontiS,
924 3240 1081 3312 persona
1096 3216 1176 3312 geri
1187 3227 1310 3311 potest
1327 3239 1350 3286 a

310 3343 453 3403 rectore
470 3331 527 3403 vel
549 3342 719 3403 curatore
745 3331 881 3426 aliquo.
933 3330 1119 3402 Authores
1145 3340 1268 3402 autem
1292 3351 1350 3400 res

309 3444 517 3517 inanimatae
547 3468 625 3517 esse
653 3468 727 3517 non
755 3455 934 3540 possunt;
966 3467 1094 3516 verum
1122 3455 1284 3517 rectores
1313 3453 1350 3514 et

308 3572 507 3646 curatores,
526 3558 589 3653 qui
605 3570 741 3654 gerunt
758 3580 953 3653 personam
980 3580 1102 3628 rerum
1129 3555 1349 3627 inanimata-

308 3695 401 3759 rum,
428 3682 540 3766 agent
565 3694 631 3765 per
657 3671 918 3743 authoritatem
946 3693 1083 3757 eorum,
1110 3692 1265 3764 quorum
1292 3678 1349 3740 θεῖ

307 3782 509 3856 dominium
525 3782 682 3855 illarum.
735 3783 904 3854 Personae
930 3806 1018 3878 argo
1045 3780 1225 3878 ejusmodi
1243 3793 1348 3853 extra

306 3908 443 3970 statum
456 3896 600 3968 civilem
618 3918 691 3968 non
709 3895 883 3967 existunt.

357 4009 524 4097 Infantis
542 4020 581 4081 et
598 4007 752 4105 ejusqui
769 4007 902 4079 mentis
924 4030 1073 4102 compos
1087 4029 1161 4079 non
1179 4015 1246 4094 est,
1264 4028 1346 4099 per-

306 4146 396 4196 sona
405 4123 484 4217 geri
495 4133 616 4218 potest
628 4146 694 4217 per
707 4132 884 4202 tutorem;
904 4121 967 4214 qui
978 4131 1115 4207 tamen,
1130 4119 1216 4191 dum
1227 4116 1345 4188 infans

307 4236 438 4308 mentis
466 4237 583 4330 impos
609 4247 676 4322 est,
695 4234 828 4307 author
855 4258 928 4305 non
952 4245 1008 4307 est
1025 4234 1096 4306 nisi
1113 4255 1179 4328 per
1196 4253 1345 4318 conces-⁴
