2926 4980
372 385 425 435 nu
445 383 588 435 necno
607 379 908 434 ruunneanuu.
1085 357 1158 436 457

122 565 242 626 testas
270 554 383 626 omnis
411 552 560 640 inimici,
587 550 775 623 exercitas
805 546 920 619 ornain
947 544 1102 633 diaboti,
1121 554 1159 617 et
1172 576 1247 625 cip.
1261 577 1357 626 mv,

115 668 388 765 phantasmata
426 665 577 736 Satanae
600 686 677 760 per
712 672 925 734 creaturam
955 659 1051 731 hanc
1085 657 1159 729 otei

122 778 340 877 abigantur.
395 779 549 863 Quarto,
577 773 818 871 baptizandus
848 773 968 845 infans
999 770 1159 844 multifa-

122 893 213 965 riam
240 892 471 972 incantatur;
501 889 630 984 primo,
649 887 696 960 ad
714 887 876 960 ecclesiae
893 897 1036 981 portam
1054 885 1092 957 iu
1108 884 1160 956 fa-

123 1004 215 1076 ciem
233 1003 382 1075 infantis
400 1003 520 1074 sufflat
537 1012 594 1074 ter
611 999 792 1087 sacerdos,
805 999 941 1088 diceus,
959 999 1022 1071 exi
1039 997 1088 1070 ab
1105 1022 1159 1087 eo,

122 1117 282 1210 spiritua
309 1115 501 1202 immistae,
520 1123 558 1187 et
579 1114 668 1186 cede
693 1112 857 1211 Spiritui
874 1112 1011 1184 Sancto
1035 1111 1161 1183 Para-

124 1229 241 1312 cleto;
268 1229 372 1325 quasi
389 1228 546 1300 infantes
563 1250 701 1315 omnes,
719 1238 915 1321 antequam
932 1250 954 1298 a
972 1225 1160 1298 sacerdote

125 1342 364 1428 insufflentur,
386 1353 509 1414 essent
527 1340 742 1413 demoniaci.
796 1341 946 1426 Rursus,
965 1350 1161 1434 antequam

123 1456 162 1526 iu
180 1454 369 1526 ecclesiam
386 1454 510 1542 intret,
529 1453 630 1542 dicit,
650 1453 802 1548 conjuro
820 1461 868 1540 te,
893 1461 963 1525 etc.
988 1452 1105 1542 eaire,
1124 1461 1162 1524 et

125 1567 305 1639 decedere
319 1565 366 1638 ab
384 1567 452 1639 troc
466 1591 572 1639 cerno
587 1568 674 1639 Dei.
718 1566 821 1638 Idem
839 1590 985 1662 quoque
1003 1565 1161 1639 exorcis-

126 1704 205 1752 mus
222 1679 400 1774 repetitur
416 1692 610 1774 antequam
629 1679 749 1752 infans
762 1679 979 1775 baptizetur.
1032 1679 1162 1773 Neque

125 1793 217 1864 ritus
229 1793 301 1880 alii,
313 1793 412 1865 circa
424 1793 709 1877 matrimonium,
722 1804 921 1865 extremam
935 1792 1160 1881 unctionem,

125 1906 370 1979 visitationem
395 1908 663 2002 aegrotantium,
684 1907 994 1979 consecrationem
1014 1906 1161 1978 ecclesi-

124 2043 228 2091 arum
247 2033 283 2092 et
308 2019 611 2104 coemeteriorum,
630 2020 707 2091 sine
730 2019 1038 2092 incantationibus
1055 2043 1161 2114 pera-

124 2144 273 2226 guntur,
283 2145 326 2203 ut
341 2132 378 2202 in
390 2131 520 2226 quibus
531 2132 611 2204 oleo
623 2144 660 2203 et
674 2155 769 2226 aqua
782 2143 937 2204 utuntur
954 2131 1161 2219 incantatis,

125 2258 163 2314 et
180 2243 284 2338 signo
299 2246 417 2315 crucis
431 2244 644 2330 abutuntur,
656 2244 750 2316 sicut
768 2255 805 2317 et
815 2245 935 2317 verbis
950 2244 1160 2339 Scriptura,

126 2380 312 2454 asperges
341 2381 397 2427 me
424 2355 580 2428 Domine
606 2357 778 2454 hyssopo.
832 2359 955 2430 Rebus
979 2357 1077 2430 euim
1093 2356 1161 2430 hu-

122 2469 282 2564 jusmodi
297 2470 495 2541 efficaciam
509 2471 764 2566 phantasmata
776 2484 814 2544 et
828 2471 976 2568 spiritus
988 2471 1164 2567 imagina-

125 2582 197 2654 rios
221 2582 392 2677 abigendi
416 2583 646 2655 tribuendam
682 2607 761 2656 esse
790 2597 924 2680 putant
942 2595 1005 2657 aut
1023 2584 1161 2657 dicunt.

185 2696 227 2767 ln
255 2695 466 2767 exorcismis
494 2696 687 2768 antedictis
717 2696 920 2793 notandum
948 2697 1057 2769 etiam
1095 2708 1161 2786 est,

125 2810 273 2905 spiritus
286 2809 505 2897 immundos,
520 2809 558 2881 id
576 2822 643 2899 est,
656 2810 846 2900 daemonia,
862 2811 1036 2907 appellari
1049 2811 1164 2906 phan-

124 2934 305 3005 tasmata;
332 2947 376 2994 ex
395 2947 467 3017 quo
486 2924 660 3017 sequitur,
679 2924 828 3019 spiritus
852 2923 1059 2996 immundos
1087 2922 1162 2995 sive

125 3036 307 3109 daemonia
327 3061 349 3108 a
375 3038 541 3108 Romana
566 3037 718 3109 ecclesia
743 3060 819 3109 non
840 3038 965 3110 habita
994 3061 1071 3110 esse
1094 3061 1162 3132 pro

124 3150 280 3238 cntibra,
297 3162 339 3220 ut
364 3149 577 3246 loquuntur,
603 3147 769 3221 reatibus
782 3178 794 3232 ;
822 3162 859 3222 et
886 3149 1052 3246 proinde,
1078 3151 1160 3223 sub-

125 3264 278 3335 stantias
295 3286 370 3334 nou
388 3286 479 3349 esse,
498 3262 563 3334 sed
582 3261 679 3334 idola
695 3273 853 3351 tautum,
872 3263 909 3335 id
929 3274 996 3351 est,
1015 3262 1120 3335 nihil.

174 3375 287 3446 Error
314 3375 494 3470 generalis
528 3376 620 3447 alius
648 3387 703 3448 est
728 3400 750 3447 a
775 3400 849 3447 non
876 3376 1073 3448 intellectis
1099 3400 1162 3447 vo·

125 3487 263 3560 cabulis
293 3488 375 3576 illis,
404 3488 481 3559 nita
513 3498 664 3576 aterna,
693 3512 791 3559 mors
818 3498 974 3576 aterna,
1001 3502 1039 3560 et
1065 3512 1164 3560 mors

124 3600 298 3672 secanda.
362 3600 579 3695 Quanquam
606 3601 703 3672 euim
730 3601 922 3697 perspicue
954 3601 1099 3674 dicatur
1125 3602 1164 3673 iu

126 3713 317 3808 Scriptura
345 3712 470 3799 Sacra,
488 3713 607 3785 Deum
626 3713 808 3786 Adamum
825 3714 863 3785 in
881 3737 924 3785 eo
944 3725 1040 3786 statu
1055 3737 1163 3809 posu-

125 3828 205 3913 isse,
217 3838 259 3898 ut
272 3827 394 3897 vivere
408 3825 586 3921 potuisset
603 3826 641 3898 iu
659 3838 848 3915 aeternum,
860 3852 1003 3923 nempe,
1015 3828 1046 3899 si
1063 3850 1165 3899 man·

125 3940 251 4012 datum
271 3937 339 4011 Dei
357 3938 608 4023 observasset;
628 3963 709 4034 quae
723 3939 978 4012 immortalitas
995 3941 1164 4012 humanae

124 4066 267 4126 natura
285 4051 487 4124 essentialis
505 4076 579 4124 uon
593 4067 684 4140 erat,
699 4053 764 4126 sed
780 4054 825 4126 ab
844 4078 907 4126 esu
925 4054 1065 4126 arboris
1079 4056 1164 4126 vitae

125 4167 356 4261 dependebat
371 4195 380 4246 ;
408 4164 575 4237 doctriua
592 4177 715 4238 tamen
729 4167 837 4240 hodie
855 4167 927 4240 alia
944 4185 1010 4256 est,
1025 4180 1062 4240 et
1072 4171 1165 4264 jam·

125 4279 186 4351 diu
204 4279 297 4363 fnit;
323 4279 506 4369 nimirum,
524 4303 820 4376 unumquemque
842 4282 1027 4354 hominem
1052 4282 1165 4354 vitam

1200 661 1341 693 -ι-ν

1186 718 1220 762 De
1229 719 1325 762 enebris

1185 783 1337 841 spiritualibus

1187 849 1215 892 ab
1224 849 1350 905 interpreta-

1186 913 1363 957 tioncnonreota

1187 978 1357 1035 Scriptum
