2926 4980
336 313 405 379 168
714 331 768 382 nu
788 332 993 386 crvmnrn.

138 527 302 580 ctexxr.
384 497 423 570 Si
450 498 649 571 monarcha
675 498 733 570 vel
766 521 944 572 summam
975 500 1114 573 habens
1141 510 1365 596 potestatem

149 611 292 714 Mt
335 623 453 683 coetus
469 612 534 683 uni
554 612 611 684 vel
638 611 799 707 pluribus
826 612 965 686 civibus
982 614 1223 710 privilegium,
1242 613 1281 686 id
1298 627 1365 703 est,

151 735 238 779 doum·
330 726 391 821 jus
425 725 502 797 sive
522 725 727 797 libertatem
756 725 935 821 privatam
963 726 1153 816 concedat,
1179 751 1251 823 qua
1276 751 1366 800 oon-

333 861 435 910 cessa
451 838 606 910 salutem
616 838 741 934 populi
756 862 953 934 procurare
970 863 1044 912 non
1062 850 1197 936 potest,
1215 864 1367 914 conces-

333 953 386 1024 sio
397 951 459 1023 illa
472 950 632 1025 invalida
643 962 710 1040 est,
723 951 794 1024 nisi
805 952 911 1025 simul
925 953 1061 1048 apertis
1077 953 1196 1027 verbis
1213 978 1366 1028 summae

332 1066 507 1162 potestati
524 1066 726 1154 renunciet,
753 1065 813 1138 vel
830 1065 868 1138 iu
885 1065 1040 1139 alterum
1058 1089 1137 1139 eam
1155 1068 1364 1141 transferat.

332 1180 386 1251 Eo
401 1178 498 1251 enim
513 1177 612 1273 quod
628 1179 760 1275 potuit,
775 1179 805 1251 si
822 1179 1006 1267 voluisset,
1023 1203 1173 1253 summae
1190 1182 1365 1277 potestati

332 1292 454 1366 verbis
481 1292 682 1387 perspicuis
712 1292 957 1379 renunciasse,
986 1293 1045 1365 vel
1075 1316 1154 1365 eam
1181 1294 1220 1367 in
1251 1294 1365 1368 alium

333 1404 575 1493 transtulisse,
610 1428 678 1477 nec
712 1404 812 1494 fecit,
847 1404 1124 1502 intelligendum
1159 1417 1216 1480 est
1244 1431 1366 1503 neque

333 1518 549 1591 renunciare
578 1542 697 1614 neque
720 1517 917 1591 transferre
945 1520 1126 1603 voluisse;
1154 1532 1192 1594 et
1209 1521 1365 1619 proinde

333 1631 603 1705 concessionem
622 1631 719 1703 illam
746 1632 792 1704 ab
819 1631 1027 1727 ignorantia
1054 1634 1257 1730 profectam
1285 1658 1366 1709 esse

332 1746 584 1843 repugnantiae
601 1744 699 1818 inter
712 1769 923 1818 eoncessum
940 1747 1169 1843 privilegium
1186 1759 1224 1821 et
1240 1760 1365 1844 potes-

333 1874 447 1934 tatem
472 1883 661 1933 snmmam.
715 1860 909 1933 Retinetur
926 1882 1013 1955 ergo
1030 1872 1191 1955 potestas
1209 1885 1363 1949 summa,
1432 1889 1438 1903 ·

333 1985 371 2047 et
400 1997 465 2070 per
494 1997 721 2070 consequens
746 1974 831 2070 jura
854 1974 977 2047 omnia
993 1974 1199 2048 retinentur
1216 1999 1298 2070 quae
1315 1973 1365 2047 ad

333 2087 548 2159 exercitium
564 2087 643 2182 ejus
660 2099 747 2159 sunt
758 2086 983 2170 necessaria3
1010 2087 1132 2183 qualia
1144 2099 1364 2184 suntpotes-

333 2210 389 2272 tas
416 2199 502 2272 belli
538 2211 575 2271 et
604 2199 716 2296 pacis
746 2199 979 2296 judiciorum,
1011 2200 1291 2296 magistratuum
1325 2213 1364 2274 et

332 2314 580 2386 ministrorum
599 2313 823 2403 constitutio,
851 2325 888 2386 et
905 2325 1037 2386 caetera
1057 2338 1139 2410 quae
1161 2314 1282 2410 capite
1300 2313 1364 2386 de-

333 2429 427 2501 cimo
443 2439 571 2500 octavo
589 2437 860 2500 enumerantur.

382 2541 579 2637 Obligatio,
594 2565 704 2636 quam
714 2540 811 2613 cives
827 2540 963 2613 habent
981 2563 1164 2636 argaeum
1182 2540 1245 2634 qui
1267 2564 1365 2613 sum-

332 2681 429 2728 mam
443 2656 554 2728 habet
570 2666 801 2753 potestatem,
819 2665 895 2726 tam
912 2654 974 2727 diu
989 2677 1057 2726 nec
1070 2653 1205 2726 diutius
1222 2677 1364 2749 perma-

333 2793 420 2842 nere
437 2768 667 2863 intelligitur,
681 2792 790 2863 quam
808 2778 931 2840 monet
947 2768 1113 2863 potentia
1130 2766 1226 2839 cives
1243 2778 1366 2862 prote-

333 2883 455 2982 gendi.
507 2883 528 2955 J
531 2907 573 2954 us
592 2882 687 2954 enim
705 2881 896 2954 hominum
912 2882 1049 2978 seipsos
1066 2880 1283 2976 protegendi
1300 2905 1365 2953 na·

333 2997 462 3086 turale,
480 2996 627 3092 quando
645 3019 667 3068 a
683 2995 829 3067 nemine
842 2994 914 3067 olio
925 2995 1070 3090 protegi
1086 3005 1249 3090 possunt,
1264 2993 1363 3066 nullo

333 3121 441 3207 pacto
453 3109 616 3205 extingui
632 3119 764 3205 potest.
818 3108 853 3180 Is
867 3108 976 3195 euim,
990 3107 1052 3202 qui
1065 3131 1242 3179 summam
1252 3107 1365 3179 habet

258 3261 260 3266 ·
333 3235 566 3319 potestatem,
584 3223 743 3295 civitatis
764 3222 885 3293 anima
910 3232 976 3310 est,
995 3246 1075 3317 quae
1092 3221 1326 3316 simulatque
1343 3245 1366 3293 a

334 3361 486 3433 corpore
499 3348 666 3433 separata
676 3348 742 3424 est,
757 3336 919 3408 membra
929 3348 1069 3407 motum
1079 3336 1125 3409 ab
1137 3335 1198 3407 illa
1211 3335 1366 3431 amplius

334 3475 409 3524 non
442 3450 638 3546 accipiunt.
699 3448 927 3522 Obedientiae
960 3449 1042 3521 finis
1073 3463 1130 3521 est
1164 3449 1365 3545 protectio;

335 3588 444 3658 quam
462 3565 668 3658 ubicunque
682 3562 762 3658 quis
775 3562 919 3648 viderit,
933 3561 1007 3633 sive
1024 3562 1062 3634 in
1081 3586 1119 3634 se
1136 3562 1211 3634 sive
1225 3562 1264 3634 in
1282 3561 1366 3647 alio,

335 3677 381 3751 ad
412 3677 510 3750 illam
546 3677 790 3749 obedientiam
825 3676 901 3769 cjus
930 3686 966 3746 et
990 3689 1162 3748 conatum
1192 3675 1240 3748 ad
1266 3675 1367 3748 illam

335 3789 621 3864 conservandam
638 3788 798 3884 applicat
815 3800 957 3859 natura.
1010 3789 1230 3884 Quanquam
1242 3801 1367 3862 autem

334 3916 494 4000 potestas
511 3927 652 3977 summa
669 3926 713 3975 ex
726 3901 927 3973 intentione
938 3901 1207 3975 instituentium
1219 3903 1367 3975 immor-

336 4019 419 4092 talis
433 4019 492 4106 sit,
505 4043 570 4091 sua
583 4032 705 4090 tamen
717 4024 847 4087 natura
857 4038 930 4086 non
944 4014 1061 4086 solum
1072 4016 1181 4088 morti
1197 4015 1367 4088 violentae

337 4157 359 4203 a
392 4132 487 4204 bello
522 4126 690 4226 externo]
704 4128 866 4223 subjecta
899 4138 966 4215 est,
985 4127 1049 4200 sed
1079 4128 1187 4200 etiam
1217 4141 1368 4224 propter

339 4246 583 4341 ignorantiam
601 4255 638 4317 et
654 4242 839 4340 passiones
857 4241 1045 4314 hominum
1063 4241 1173 4314 habet
1190 4241 1228 4313 in
1249 4264 1299 4329 se,
1322 4242 1367 4313 ab
