2926 4980
387 377 441 429 aa
462 378 654 431 civirnra
673 379 943 432 caniseiane.
1111 369 1183 435 365

143 545 281 641 gelium
298 548 398 621 misit
415 548 579 622 Christus
596 550 643 622 ad
660 573 736 622 non
753 548 958 631 credentem
976 548 1093 623 Mitto
1107 574 1183 641 ooa,
1208 588 1285 638 epp,
1296 587 1380 638 xm,

145 659 265 754 inquit
289 660 436 751 (Matth.
455 685 490 733 a.
515 666 583 755 16),
609 661 720 760 quasi
746 686 832 735 ooea
856 661 912 735 od
939 662 1047 759 lupos
1060 692 1075 746 ;
1109 687 1184 737 non
1221 671 1370 785 Im

145 770 248 860 dicit,
263 774 366 869 quasi
379 774 425 846 ad
438 774 526 846 alias
541 799 637 848 oves,
1219 794 1372 839 ecclesiatica

196 886 393 959 Videamus
417 889 494 983 jam
511 889 763 960 ministrorum
781 887 921 961 Christi
938 889 1124 979 mandata,
1143 902 1186 963 ut

146 999 378 1094 reperiuntur
395 999 433 1071 in
446 1001 647 1096 evangelio,
666 1025 713 1073 an
727 1001 788 1096 jus
805 1001 955 1097 aliquod
972 1003 1185 1078 contineant

146 1111 184 1183 in
200 1112 378 1207 populum
396 1113 612 1209 imperandi.

197 1225 370 1320 legimus
387 1226 518 1321 primo,
541 1226 691 1318 (Matth.
710 1251 743 1299 x.
762 1229 817 1320 6),
836 1228 965 1300 missos
983 1251 1063 1301 esse
1081 1253 1185 1325 apos·

145 1339 239 1412 tolus
254 1339 309 1412 od
323 1363 420 1425 ovea,
436 1364 517 1433 qaae
525 1340 738 1438 perierant,
758 1340 886 1413 domos
905 1341 1036 1415 Israel
1044 1370 1059 1424 ;
1099 1342 1187 1439 quid

145 1466 268 1525 autem
287 1452 579 1549 praedicaturos?
604 1453 774 1551 Regnum
791 1453 867 1526 Dei
891 1455 1187 1553 appropinquat.

147 1566 352 1639 Praedicare
378 1578 502 1639 autem
529 1579 633 1640 actus
659 1567 839 1662 praeconis
865 1579 934 1655 est,
964 1591 1089 1664 regem
1122 1568 1187 1641 ali-

147 1704 257 1775 quem
276 1680 557 1775 proclamantis:
585 1704 703 1776 neque
718 1682 778 1776 jus
791 1680 996 1775 imperandi
1009 1682 1047 1752 in
1061 1705 1186 1776 quem-

146 1817 256 1888 quam
289 1792 400 1865 habet
427 1816 561 1889 praeco.
623 1794 673 1865 Et
701 1793 807 1885 (Luc.
826 1818 861 1865 x.
880 1797 934 1886 2),
952 1795 1187 1891 septuaginta

147 1906 327 2002 discipuli,
355 1918 397 1978 ut
423 1907 591 2002 operarii,
618 1930 694 1980 non
719 1918 760 1978 ut
785 1905 935 1995 domini,
964 1908 1012 1980 ad
1032 1931 1186 1980 messem

149 2021 271 2093 emissi
292 2031 390 2108 sunt,
408 2032 445 2092 et
459 2022 550 2116 jussi
571 2025 679 2109 (vers.
698 2021 739 2111 9)
759 2019 960 2116 praedicare
978 2021 1186 2118 appropio·

146 2143 239 2231 quat
265 2156 420 2229 regnum
446 2133 534 2205 Dei.
586 2134 634 2204 Et
659 2133 809 2224 (Matth.
829 2157 889 2204 xx.
909 2135 971 2226 28)
988 2132 1186 2228 discipulos

146 2270 245 2333 suos,
260 2246 322 2341 qui
336 2245 432 2317 inter
446 2268 483 2316 se
497 2244 542 2317 de
560 2245 741 2341 dignitate
760 2244 1044 2333 contendebant,
1062 2245 1187 2318 admo-

147 2370 210 2432 net
237 2359 411 2430 Servator
444 2371 581 2447 noster,
613 2358 773 2431 officium
799 2382 925 2430 eorum
951 2358 1186 2432 ministeriale

149 2496 239 2560 esse,
260 2472 449 2566 sicutipse
467 2473 578 2562 venit,
597 2496 671 2544 non
689 2484 730 2544 ut
743 2472 812 2544 sibi
829 2473 1108 2561 ministraretur,
1122 2473 1188 2546 sed

147 2598 189 2658 ut
207 2585 441 2657 ministraret.
494 2587 624 2682 ltaque
641 2585 901 2681 praedicatores
927 2586 1105 2681 evangelii
1120 2611 1187 2683 po·

147 2711 319 2773 testatem
338 2698 621 2793 magisterialem
640 2722 713 2770 non
728 2698 877 2786 habent,
891 2698 956 2770 sed
969 2699 1187 2772 ministeria·

148 2815 221 2886 lem
249 2822 405 2886 tantum.
465 2813 514 2885 Et
540 2812 689 2904 (Matth.
709 2811 808 2884 xxiii.
833 2814 907 2905 10),
924 2837 970 2884 oe
993 2812 1185 2899 vocamini,

148 2926 238 3000 dicit
272 2925 452 3014 Christus,
478 2926 682 3024 magistri;
713 2925 843 2998 unicas
876 2923 1099 2998 enimvobis
1128 2937 1187 2998 eat

148 3039 345 3138 magister.

199 3148 379 3236 Secundo,
401 3150 551 3241 (Matth.
570 3151 694 3223 xxviii.
719 3159 786 3243 19),
805 3151 843 3223 in
861 3150 1042 3223 mandatis
1059 3175 1185 3224 eorum

148 3278 217 3353 est,
249 3265 384 3337 docere
418 3289 541 3335 omnes
576 3264 757 3336 orationes.
816 3264 956 3336 Docere
987 3275 1122 3351 autem,
1149 3275 1186 3338 et

147 3378 348 3475 praedicare
366 3378 561 3473 conjuncta
579 3390 677 3450 suut.
716 3377 813 3448 Nam
833 3377 895 3473 qui
912 3400 1037 3471 regem
1054 3377 1185 3472 praedi-

149 3503 235 3564 cant
251 3492 325 3563 sive
352 3490 591 3588 proclamant,
610 3491 738 3563 eodem
762 3501 927 3585 tempore
956 3490 1090 3563 docent
1114 3516 1187 3587 quo

145 3606 229 3700 jure
246 3628 399 3701 regnum
416 3604 539 3677 habet.
603 3605 654 3677 Ut
672 3605 709 3677 S.
728 3603 861 3676 Paulus
878 3604 974 3694 (Act.
993 3604 1077 3676 xvii.
1096 3615 1133 3692 2,
1152 3608 1188 3698 3)

149 3719 237 3791 fecit
250 3721 345 3813 apud
359 3718 380 3790 J
383 3716 508 3789 udaecs
518 3715 581 3812 qui
595 3728 699 3789 erant
712 3717 750 3788 in
764 3716 1032 3805 Thessalonica,
1043 3740 1187 3814 nempe,

150 3832 266 3903 tribus
284 3831 443 3904 sabbatis
469 3829 640 3902 cumillis
658 3854 703 3902 ex
722 3829 920 3924 Scripturis
937 3829 1107 3903 disseruit
1125 3855 1188 3904 ex-

149 3946 290 4041 plicans
303 3945 395 4034 illas,
410 3958 448 4016 et
460 3944 619 4039 probans
633 3967 679 4014 ex
693 3943 764 4016 illis
776 3943 960 4015 Christum
977 3943 1069 4015 mori
1083 3967 1187 4039 opor-

150 4060 262 4131 tuisse
280 4070 318 4131 et
336 4059 587 4144 resurrexisse,
602 4069 639 4129 et
652 4056 779 4128 Jesum
793 4079 871 4128 esse
886 4055 1083 4128 Christum.
1115 4057 1187 4130 Sed

151 4171 282 4245 docere
299 4195 344 4243 ex
362 4169 488 4243 Veteri
505 4170 742 4242 Testamento
760 4169 885 4241 Jesum
903 4192 981 4241 esse
1000 4169 1186 4243 Christum

149 4296 186 4356 et
204 4309 226 4356 a
243 4284 397 4357 mortuis
414 4282 682 4371 resuscitatum,
700 4307 775 4356 non
793 4295 848 4356 est
866 4282 997 4356 docere
1014 4282 1106 4374 illos,
1124 4286 1186 4381 qui
