2926 4980
173 537 251 588 CAP.
264 538 288 589 l.

160 619 302 650 ··--r-ae

161 679 195 721 ne
205 678 305 736 symbolo

162 744 251 788 Niceno,

346 325 419 390 5³2
585 339 800 392 seenunrx
819 341 875 393 sn
894 343 1144 397 narranaam.

343 528 460 577 suum.
513 506 621 594 Nam,
639 519 682 579 ut
699 507 823 580 dixisti
841 533 962 605 supra,
980 534 1054 583 non
1074 511 1154 607 ipsa
1180 511 1403 585 substantia

344 619 420 690 sive
437 618 557 714 ipsum
576 642 652 707 ens,
670 620 735 692 sed
751 622 1008 696 tantummodo
1036 624 1190 697 effectus
1215 626 1305 720 ejus
1332 650 1401 721 ap-

342 746 472 826 parent
500 743 538 804 et
564 732 795 827 appellantur
821 734 1099 829 phantasmata:
1126 739 1299 810 essentia
1330 762 1397 812 an-

342 856 417 915 tem
445 845 543 917 enatis
568 845 793 940 simpliciter,
820 847 1037 942 phantasma
1061 864 1229 923 nonest.
1291 851 1397 926 Quid

342 981 429 1052 ergo
456 971 513 1030 est
538 958 702 1030 essentia
727 958 786 1031 vel
816 984 909 1050 esse,
939 962 1080 1056 quoties
1109 976 1320 1059 usurpatur
1351 978 1395 1037 ut

341 1072 503 1145 nomen?
557 1071 669 1167 Cujus
688 1072 740 1144 rei
757 1097 891 1145 nomen
909 1072 992 1146 est?

392 1186 441 1257 B.
468 1186 635 1257 Essentia
660 1186 754 1258 entis
781 1186 819 1258 in
839 1197 1022 1276 concreto,
1048 1201 1139 1283 puta
1164 1189 1265 1262 entis
1294 1190 1390 1279 albi,

341 1310 397 1371 est
426 1322 561 1370 nomen
591 1298 703 1394 ipsius
740 1299 825 1385 albi,
853 1300 917 1372 sed
947 1300 1168 1373 considerati
1200 1315 1390 1397 quatenus

339 1411 424 1483 albi.
493 1410 631 1483 Eadem
661 1412 802 1485 ratione
837 1414 1001 1485 essentia
1035 1414 1129 1486 entis
1163 1414 1389 1511 simpliciter

339 1537 395 1596 est
412 1548 546 1597 nomen
564 1525 672 1613 cntiS,
690 1526 754 1598 scd
772 1526 994 1598 considerati
1011 1526 1227 1623 simpliciter
1253 1541 1386 1625 quate-

340 1660 408 1709 nus
425 1661 515 1720 ens;
541 1638 632 1710 etin
651 1640 872 1727 universum,
895 1637 1091 1712 abstracta
1118 1653 1206 1714 sunt
1231 1645 1386 1717 nomina

340 1761 603 1839 concretorum,
631 1751 777 1847 quando
796 1751 1073 1825 considerantur
1099 1756 1253 1827 seorsim
1270 1781 1295 1830 a
1313 1782 1384 1831 cae-

338 1863 427 1935 teris
449 1864 657 1937 nominibus
685 1865 848 1961 ejusdem
873 1865 1049 1938 concreti.
1101 1866 1252 1956 Album,
1278 1872 1383 1944 verbi

336 1978 467 2071 gratia,
486 1990 543 2050 est
560 2002 624 2051 ens
642 1979 777 2051 album.
830 1979 869 2051 Si
882 1981 959 2075 jam
977 1978 1015 2052 in
1033 1991 1119 2052 ente
1144 1980 1230 2055 albo
1260 1983 1382 2056 consi-

337 2089 506 2163 deremus
524 2092 647 2164 album
665 2092 816 2164 seorsim
832 2093 877 2164 ab
895 2103 991 2181 ente,
1010 2093 1164 2166 dicimus
1188 2119 1259 2190 pro
1285 2097 1382 2186 albo,

336 2204 513 2278 doctrinae
540 2228 661 2293 causa,
689 2204 907 2294 albedinem,
935 2205 992 2278 vel
1010 2229 1088 2279 esse
1106 2207 1243 2280 album.

385 2319 434 2390 A.
462 2318 621 2391 Quando
652 2342 741 2413 ergo
770 2342 838 2414 pro
866 2329 950 2390 ente
976 2318 1191 2414 simpliciter
1221 2320 1382 2396 dicimus

335 2431 541 2519 essentiam,
565 2442 673 2502 erunt
699 2432 856 2503 essentia
882 2445 921 2503 et
944 2454 1009 2502 ens
1027 2431 1232 2527 synonirna,
1254 2447 1295 2507 et
1311 2461 1380 2533 per

335 2568 560 2641 consequens
574 2567 645 2616 vox
661 2544 825 2615 essentia
844 2543 1028 2639 superflua
1045 2557 1112 2617 est.

384 2659 431 2731 B.
461 2660 539 2730 Imn
570 2681 667 2744 vero,
694 2656 937 2729 inconsistens
967 2682 1049 2729 curn
1081 2659 1236 2733 veritate
1263 2663 1379 2748 fidei;

333 2784 428 2844 teste
461 2771 629 2842 Johannc
666 2770 905 2857 DamascenO,
941 2771 1061 2865 capite
1095 2772 1295 2847 undecimo
1331 2777 1379 2849 de

333 2885 583 2984 dispositione
594 2883 717 2955 Fidei.
746 2885 820 2958 Qui
838 2909 920 2955 cum
937 2884 1099 2973 dixisset,
1118 2884 1275 2958 Verbum
1279 2890 1379 2984 fne-

332 3012 406 3072 turn
424 3024 506 3071 esse
523 2997 709 3084 leontinern,
728 2998 873 3093 adjecit,
894 2997 996 3093 qnod
1012 3007 1129 3069 tarreen
1150 2999 1291 3071 Deitas
1309 3014 1379 3074 aret

332 3114 533 3185 incnrnntn
551 3119 616 3181 unt
639 3109 841 3181 drzrnnnntn
859 3118 969 3195 esset,
984 3108 1084 3180 nullo
1092 3121 1211 3206 pacto
1225 3114 1377 3186 andini-

331 3251 420 3298 rnns.
461 3224 699 3297 Manifestum
719 3246 806 3317 ergo
828 3235 895 3308 est,
910 3223 947 3294 in
967 3236 1050 3294 ente
1068 3224 1284 3319 simpliciter
1303 3229 1377 3302 dif-

329 3339 426 3411 ferre
442 3341 539 3411 inter
557 3362 595 3410 se
613 3361 677 3409 eus
696 3350 734 3408 ct
751 3337 959 3424 essentiam,
987 3349 1026 3408 et
1051 3336 1167 3409 multo
1192 3341 1311 3434 magis
1336 3345 1376 3416 in

330 3453 524 3525 concretis,

379 3567 414 3637 A
420 3622 428 3637 .
457 3566 550 3640 Quae
576 3587 687 3637 causa
712 3577 791 3635 erat
807 3563 1017 3637 doctoribus
1034 3565 1250 3655 affirmandi,
1270 3570 1376 3663 quod

328 3680 399 3752 nisi
424 3704 489 3752 ens
507 3691 544 3752 et
561 3677 720 3750 essentia
737 3677 775 3748 in
795 3677 872 3748 Deo
899 3677 995 3749 idem
1014 3688 1145 3766 essent,
1164 3679 1375 3756 substantia

329 3795 454 3867 divina
471 3805 565 3865 esset
576 3791 802 3885 composita?

377 3908 425 3981 B.
456 3907 553 3981 Quia
564 3905 739 3987 definitio,
752 3929 833 3999 quae
844 3886 1107 3999 cst'explicatio
1121 3904 1290 3978 essentiae
1305 3908 1372 3982 de-

328 4022 613 4109 finitae,vocatur
623 4018 733 4112 vulgo
747 4042 770 4089 a
782 4017 1006 4113 philosophis
1021 4019 1100 4112 ipsa
1113 4019 1281 4091 essentia.
1303 4023 1370 4114 Ut,

322 4137 356 4207 si
375 4135 539 4207 definitio
557 4132 714 4205 hominis
732 4132 779 4203 sit
804 4132 939 4203 animal
964 4130 1153 4217 rationale,
1171 4133 1369 4207 essentiam

325 4262 459 4320 vocant
476 4247 611 4319 animal
630 4246 819 4334 rationale,
834 4259 872 4318 et
889 4245 1127 4340 compositam
1142 4268 1218 4316 esse
1237 4244 1370 4320 dicunt
