2926 4980
269 336 345 405 480
521 352 740 405 nanneno
759 352 1069 406 rennuendum.

68 550 239 602 cxxxiv.
270 521 381 594 tionis
403 532 442 592 et
467 518 657 592 industriae
677 519 846 593 humanae
874 520 1094 595 exercendae
1111 544 1238 595 causa
1253 520 1335 619 pln-

87 634 231 668 ”“*“““
271 635 382 707 rimas
399 632 556 728 reliquit.
602 632 714 706 Hunc
727 633 825 707 enim
843 634 971 707 habuit
994 658 1159 731 scopum
1176 635 1333 709 unicum

59 704 234 828 millii,
272 748 445 821 Servator
462 758 599 836 noster,
616 761 660 819 ut
677 746 773 820 viam
790 747 1012 822 adsalutem
1027 761 1234 839 aeternam,
1253 774 1333 823 reo-

60 834 109 878 eliis
118 835 249 893 religionum
683 860 691 875 .
723 861 731 876 .

60 898 205 945 mimum,
272 874 350 935 tam
367 873 406 934 et
422 860 570 957 planam
593 860 803 935 hominibus
824 872 1165 947 commonstraret3
1194 885 1331 959 nempe

272 990 316 1048 ut
333 974 536 1062 crederent,
552 974 671 1071 ipsrnn
689 998 773 1047 ease
788 974 1002 1058 Christum:
1020 974 1159 1071 filiam
1177 976 1262 1049 Dei
1277 977 1332 1051 oi-

272 1090 418 1173 oentis,·
445 1088 594 1161 missum
610 1098 652 1161 ut
667 1113 709 1161 se
720 1113 797 1187 pro
816 1088 990 1187 peccatis
1006 1087 1157 1161 nostris
1175 1090 1330 1185 sacrfi-

274 1202 560 1299 ciumsacerct;
586 1212 628 1275 ut
645 1202 684 1275 ia
701 1202 862 1276 adventa
878 1201 1038 1275 secundo
1056 1201 1097 1273 in
1116 1204 1330 1297 majestate

273 1326 484 1413 regnaret,·
510 1326 549 1388 et
573 1314 712 1388 electos
739 1339 825 1387 suos
850 1314 899 1387 ab
922 1314 1069 1387 inimico
1087 1326 1274 1389 servaret
1291 1316 1328 1389 in

275 1438 474 1511 aternum
500 1427 547 1501 ad
571 1452 679 1523 quem
704 1430 816 1501 finem
839 1428 1040 1524 disputatio
1058 1425 1107 1500 de
1124 1429 1327 1525 spirituum

274 1540 519 1635 corporeitate
542 1541 633 1613 nihil
651 1542 843 1615 attinebat.
888 1542 927 1615 Si
944 1565 967 1614 a
984 1541 1193 1637 Scripturis
1210 1542 1327 1615 ratio-

274 1678 358 1727 nem
376 1653 601 1750 postulemus
615 1654 861 1750 quaestionum
878 1654 1327 1748 omnium,quaeCh1isti-

275 1790 398 1854 anum,
411 1790 458 1837 ne
476 1766 651 1840 mandata
662 1767 729 1840 Dei
743 1781 947 1865 exequatur
957 1767 1137 1862 impedire
1152 1781 1325 1864 possunt,

275 1878 452 1977 conqueri
469 1879 580 1953 etiam
599 1880 644 1953 de
663 1881 769 1954 Mose
785 1906 990 1979 possumne,
1004 1880 1117 1976 quod,
1136 1905 1228 1955 cum
1245 1906 1325 1957 cre-

275 1993 436 2067 ationem
449 1993 1074 2084 coeli,terrae,hominum,etrerum
1087 2006 1324 2085 caeterarum,

275 2107 505 2204 explicasset,
524 2108 569 2181 de
588 2107 774 2181 creatione
793 2108 986 2204 spirituum
1003 2130 1051 2179 ne
1066 2108 1227 2180 verbum
1245 2110 1325 2204 qui-

276 2222 360 2295 dem
378 2222 522 2296 locutus
541 2234 609 2295 est.
661 2222 872 2296 Invenimus
895 2223 934 2295 in
953 2221 1153 2317 Scripturis
1169 2222 1325 2318 angelos

277 2335 425 2429 quidem
442 2359 532 2424 esse,
551 2347 589 2408 et
606 2335 767 2431 spiritus,
786 2348 866 2409 tum
883 2336 999 2409 bonos
1016 2347 1096 2408 turn
1111 2335 1246 2425 malos,
1259 2334 1326 2409 sed

277 2472 352 2521 non
386 2449 648 2544 incorporeos;
689 2461 727 2521 et
757 2472 835 2521 esse
870 2447 1131 2545 apparitiones
1167 2450 1324 2537 somnia,

277 2574 434 2657 spectra,
452 2561 563 2649 idola,
583 2561 741 2633 sednon
759 2586 837 2633 esse
855 2585 899 2634 ea
916 2561 1152 2634 substantias.

327 2673 507 2746 Doctrina
519 2684 642 2746 tamen
660 2673 856 2761 contraria,
871 2697 1003 2769 nempe
1016 2673 1167 2769 spiritus
1180 2674 1326 2771 aliquos

278 2811 356 2859 csse
382 2787 628 2882 incorporeos
647 2786 686 2858 in
713 2785 866 2859 ecclesia
893 2787 946 2859 ita
971 2787 1035 2859 diu
1059 2787 1269 2883 praevaluit,
1283 2803 1327 2863 ut

279 2900 462 2984 doctores,
493 2899 757 2973 daemoniorum
783 2900 1046 2995 ejiciendorum
1072 2924 1194 2990 causa,
1217 2925 1325 2974 exor-

279 3014 433 3086 cismum
467 3012 535 3085 sibi
562 3015 808 3087 necessarium
837 3037 915 3086 esse
939 3025 1004 3086 aut
1031 3013 1326 3087 existimaverint

280 3139 343 3199 aut
370 3126 554 3200 finxerint.
608 3127 719 3200 Quod
736 3127 774 3199 in
793 3127 947 3199 ecclesia
964 3126 1112 3221 quidem
1135 3127 1326 3222 primitiva

279 3239 385 3313 multi
415 3250 520 3312 erant
549 3239 777 3328 daemoniaci,
804 3239 913 3335 pauci
942 3239 1146 3334 phrenetici
1178 3253 1246 3312 aut
1269 3241 1326 3313 lu-

279 3352 412 3435 natici;
439 3353 548 3426 hodie
575 3365 699 3425 autern
726 3352 930 3449 phrenetici
958 3365 994 3425 et
1020 3352 1173 3425 lunatici
1203 3353 1326 3444 multi,

280 3464 494 3538 daemoniaci
526 3467 641 3550 nulli;
667 3490 742 3539 nou
768 3491 791 3537 a
817 3478 951 3539 natura
978 3490 1112 3553 rerum,
1134 3465 1198 3538 sed
1217 3491 1241 3539 a
1257 3491 1326 3540 no-

280 3578 420 3651 minum
455 3581 659 3652 mutatione
693 3580 899 3675 profectum
930 3592 996 3652 est.
1060 3578 1168 3652 Unde
1198 3592 1325 3653 autem

280 3696 335 3783 fit,
352 3706 395 3766 ut
413 3707 577 3788 tempore
596 3695 847 3791 apostolorum
872 3695 1020 3766 morbos
1046 3692 1127 3765 illos
1154 3692 1327 3768 ecclesiae

279 3818 445 3904 pastores
477 3830 572 3901 saepe
598 3809 818 3895 sanaverint,
846 3807 956 3879 hodie
991 3818 1113 3878 autem
1143 3806 1326 3881 minime?

279 3923 400 3996 Etiam
430 3921 494 4016 qui
520 3923 574 4010 fit,
593 3932 635 3994 ut
661 3920 770 3993 hodie
796 3920 861 4009 illi,
888 3921 951 4015 qui
969 3943 1054 3991 vere
1079 3918 1204 3991 fideles
1223 3933 1327 4012 sunt,

278 4035 399 4108 facere
427 4034 669 4131 nonpossint
699 4034 799 4129 quod
823 4034 949 4107 fideles
974 4031 1104 4105 fecisse
1137 4030 1327 4124 dicuntur,

282 4151 415 4243 (Marc.
433 4148 507 4220 xvi.
531 4152 586 4237 17,
610 4150 680 4239 18),
702 4170 845 4243 nempe,
865 4148 903 4219 in
920 4144 1062 4219 nomine
1082 4142 1228 4219 Christi
1247 4148 1327 4221 ‹1ae-

280 4263 401 4335 ownia
436 4261 602 4356 ejicere:
638 4261 781 4360 linguis
816 4261 919 4358 loqui
958 4257 1088 4333 nonis:
1126 4272 1325 4358 serpentes
