2926 4980
498 378 551 430 un
571 377 776 430 crvrrarn.
1086 352 1159 434 207

118 543 300 642 poenales.
341 541 591 616 Distributivae
602 555 699 634 sunt,
713 543 845 640 quibus
855 544 940 639 jura
950 541 1083 614 civium
1097 540 1159 614 de·
1172 572 1249 621 orn.
1262 572 1333 620 xxv

120 656 313 744 finiuntur,
325 680 478 752 quaeque
492 657 631 730 civibus
641 656 927 753 praescribuntur
937 655 1125 728 universis.
1198 655 1333 777 Μ

173 769 340 842 Poenales
357 779 455 857 sunt,
473 794 555 865 quae
570 793 698 865 poenas
714 769 954 842 violatoribus
970 769 1094 865 legum
1105 768 1160 839 in·
1201 790 1308 834 cairan.

122 881 302 977 fligendas
320 881 512 970 definiunt,
532 905 685 977 quaeque
701 881 901 972 ministros,
915 880 1161 977 quorumoffi-

125 996 224 1068 cium
241 1008 298 1068 est
315 1019 442 1091 poenas
460 995 601 1091 exequi,
620 995 717 1067 solos
734 994 994 1090 alloquuntur;
1021 1008 1059 1067 et
1077 1017 1161 1067 cum

125 1110 269 1207 legibus
282 1108 522 1182 distributivis
541 1110 826 1204 conjunguntur.

178 1226 276 1320 Lege
293 1223 460 1319 positivae
478 1222 622 1311 divinae,
640 1220 838 1313 (naturales
856 1220 1093 1292 enimomnes
1108 1219 1162 1291 di-

127 1338 224 1410 vinae
241 1339 357 1428 sunt),
379 1345 465 1408 sunt
489 1335 573 1423 issae,
592 1357 672 1430 quae
689 1358 711 1405 a
728 1334 806 1406 Deo
821 1333 899 1429 ipso
917 1332 1046 1429 positae
1064 1345 1161 1422 sunt,

128 1474 204 1523 non
221 1450 268 1522 ab
286 1461 424 1521 aeterno
442 1473 509 1521 nec
522 1447 700 1520 universis
712 1447 933 1535 bominibus,
947 1447 1012 1519 sed
1028 1447 1163 1543 populo

129 1574 259 1646 cert0;
285 1574 322 1634 et
350 1585 417 1657 pro
445 1560 576 1633 divinis
603 1559 799 1633 declaratae
829 1584 894 1655 per
916 1560 1008 1648 illos
1033 1560 1164 1655 quibus

130 1676 231 1748 Deus
249 1674 458 1747 declarandi
475 1698 536 1747 eas
549 1674 810 1748 authoritatem
824 1673 935 1746 dedit.

181 1788 398 1860 Authoritas
414 1800 537 1860 autem
551 1786 761 1860 declarandi
774 1786 872 1881 leges
890 1786 1042 1873 divinas,
1061 1787 1114 1857 ita
1124 1797 1166 1857 ut

129 1899 360 1995 obligatoriae
378 1899 462 1990 sint,
473 1900 571 1973 unde
586 1900 760 1995 cognosci
773 1900 919 1995 potest?
960 1900 1074 1972 Modo
1086 1900 1165 1995 qui-

131 2012 217 2085 dem
248 2013 514 2109 supernaturali
538 2013 679 2086 homini
704 2013 825 2099 alicui,
850 2027 892 2087 ut
908 2015 1006 2109 leges
1025 2014 1166 2086 divinas

130 2125 214 2199 aliis
231 2125 420 2221 praedicet,
438 2127 617 2222 imperare
633 2137 755 2222 potest
771 2127 881 2199 Deus.
935 2127 1007 2199 Sed
1018 2128 1104 2223 quia
1121 2128 1167 2200 de

131 2239 293 2312 essentia
315 2239 407 2334 legis
433 2252 500 2328 est,
526 2249 567 2312 ut
583 2239 765 2312 neminem
782 2240 931 2336 obliget,
956 2240 1018 2335 qui
1035 2239 1167 2336 praedi-

134 2352 253 2424 cantis
271 2353 546 2441 authoritatem,
565 2353 664 2449 quod
687 2354 805 2426 aDeo
823 2354 882 2443 sit,
901 2354 994 2426 scire
1011 2378 1085 2425 non
1103 2378 1168 2449 po-

134 2476 220 2552 test,
238 2465 336 2539 unde
354 2465 472 2539 oritur
489 2465 682 2538 obediendi
700 2466 900 2561 obligatio?
953 2467 1052 2540 Quid
1069 2467 1169 2539 Deus

134 2577 216 2650 aliis
233 2578 331 2651 dicat
347 2579 440 2650 scire
457 2602 532 2651 non
558 2602 750 2674 possumus
775 2580 989 2652 naturaliter
1003 2611 1012 2662 ;
1039 2603 1169 2675 neque,

135 2692 215 2764 sine
232 2692 452 2765 revelatione
470 2692 594 2765 divina
619 2693 723 2765 nobis
747 2716 930 2781 concessa,
956 2705 1171 2788 supernatu-

137 2805 275 2878 raliter.
302 2805 523 2901 Quanquam
533 2805 630 2877 enim
643 2806 748 2878 aDeo
760 2807 960 2878 revelatum
971 2830 1049 2878 esse
1061 2806 1171 2879 alicui

137 2916 276 3013 aliquid
292 2917 442 2990 credere
459 2918 654 2990 inducatur
670 2918 801 3014 aliquis
820 2919 878 2990 vel
895 2932 1046 3015 propter
1063 2920 1172 2993 mira-

139 3030 235 3117 cula,
249 3053 331 3126 quae
345 3031 389 3102 ab
408 3053 450 3102 eo
467 3030 566 3102 lacta
583 3053 659 3102 esse
677 3030 821 3119 viderit,
834 3032 893 3103 vel
904 3044 1056 3127 propter
1069 3057 1172 3128 egre-

138 3141 1172 3241 giamsanctitatem,velegregiamsapientiamvelprop-

141 3267 199 3327 ter
212 3255 397 3351 egregiam
409 3255 623 3328 felicitatem
639 3286 648 3339 ;
667 3280 748 3351 quae
760 3257 881 3329 omnia
897 3257 1026 3353 gratiae
1040 3257 1172 3331 divinae

140 3369 247 3464 signa
271 3382 356 3442 sunt
382 3370 470 3442 satis
487 3393 644 3465 magna;
671 3369 926 3443 certitudinem
951 3382 1074 3443 tamen
1100 3394 1174 3443 non

141 3482 313 3555 efficiunt.
365 3483 544 3556 Miracnla
571 3485 680 3572 enim,
706 3508 752 3556 ex
778 3508 849 3578 quo
875 3497 1039 3580 tempore
1070 3485 1177 3557 nobis

142 3594 359 3668 Christianis
376 3596 505 3692 positae
523 3608 610 3668 sunt
633 3596 732 3691 leges
759 3596 903 3684 divinae,
930 3607 1174 3670 cessaverunt.

144 3708 323 3781 Miracnla
368 3710 602 3783 narrantibus
645 3709 794 3781 credere
838 3734 912 3781 non
959 3709 1175 3806 obligamur.

143 3822 262 3894 Etiam
280 3823 360 3919 ipsa
373 3823 548 3895 miracula
559 3847 634 3896 non
652 3824 820 3896 omnibus
837 3824 1013 3897 miracula
1030 3836 1125 3896 sunt.

194 3935 376 4009 Caeterum
392 3949 436 4008 ut
453 3937 576 4010 divina
593 3937 882 4033 supernaturalia
894 3938 1177 4032 praedicantibus

144 4048 292 4121 obedire
323 4049 519 4144 aliquando
550 4063 588 4123 et
614 4050 747 4122 alicubi
770 4051 977 4139 debeamus,
1002 4073 1113 4123 causa
1139 4049 1178 4121 in

144 4175 316 4259 promptu
333 4173 412 4244 est;
439 4185 570 4257 nempe
593 4163 624 4234 si
642 4187 696 4251 ea,
715 4186 796 4257 quae
813 4164 1026 4258 praedicant,
1040 4187 1107 4258 pro
1125 4162 1177 4234 le-

142 4273 249 4368 gibus
263 4273 391 4347 baberi
405 4274 558 4369 jusserit
575 4274 712 4348 civitas.
765 4276 831 4348 Est
843 4274 940 4347 enim
955 4275 1000 4348 de
1018 4276 1098 4370 lege
1115 4299 1179 4347 na·
