2926 4980
337 354 410 420 200
707 368 760 421 uu
779 368 984 422 crvrraru.

137 561 214 612 cnr.
226 565 323 617 xxv1,
337 534 423 606 solis
439 533 538 629 leges
556 557 646 622 esse,
665 536 795 630 quibus
811 536 959 608 fuerunt
981 535 1184 608 declaratae.
1238 535 1367 630 Itaque

155 645 297 765 W
337 646 547 736 infantibus
575 659 695 721 mente
722 649 850 745 captis,
878 649 939 745 qui
964 648 1141 744 imperata
1163 646 1369 743 intelligere

156 771 262 817 &vilibus
336 783 411 831 non
440 773 604 855 possunt,
629 785 747 856 neque
781 761 868 856 quid
894 760 941 833 sit
963 763 1102 856 justum
1129 771 1166 833 et
1192 760 1368 856 injustum

337 873 468 960 sciunt,
498 896 616 968 neque
646 887 754 969 pacta
779 873 999 969 intelligunt,
1017 873 1115 968 leges
1142 873 1267 945 civiles
1293 897 1368 945 non

336 998 542 1080 ponuntur;
568 1008 687 1080 neque
716 1000 911 1081 propterea
935 986 1018 1074 illis,
1037 986 1179 1081 quibus,
1197 986 1266 1057 etsi
1288 986 1367 1058 haec

337 1098 459 1171 omnia
474 1098 690 1194 intelligant,
709 1098 900 1172 declarata
924 1099 999 1172 sive
1025 1099 1266 1195 promulgatae
1291 1123 1367 1172 non

338 1211 421 1299 sint,
438 1211 490 1284 ita
506 1224 548 1284 ut
560 1236 632 1301 eas,
650 1212 680 1284 si
690 1212 898 1297 voluissent,
915 1236 1135 1309 cognoscere
1147 1213 1367 1309 potuissent.

338 1323 649 1397 Considerandum
666 1348 754 1421 ergo
771 1334 837 1414 est,
859 1348 941 1420 quae
957 1337 1172 1421 argumenta
1188 1326 1245 1397 vel
1263 1325 1368 1422 signa

337 1437 384 1510 ad
400 1438 518 1533 legem
535 1437 834 1534 promulgandam
847 1437 978 1511 idonea
991 1438 1172 1511 censenda
1182 1438 1267 1512 siut.

387 1550 519 1638 Primo,
550 1550 580 1623 si
608 1549 667 1622 lex
694 1573 737 1623 ea
762 1551 844 1624 talis
869 1550 927 1639 sit,
943 1563 986 1623 ut
1013 1551 1109 1623 cives
1136 1573 1262 1623 omnes
1289 1550 1367 1623 sine

339 1664 551 1758 exceptione
564 1663 711 1760 obliget,
728 1688 796 1737 nec
807 1665 941 1760 scripta
955 1663 1002 1737 sit
1017 1695 1026 1748 ;
1053 1663 1203 1737 dubium
1221 1687 1296 1737 nou
1312 1677 1368 1737 est

339 1775 426 1872 quin
452 1776 510 1849 lex
535 1788 673 1848 naturae
691 1776 749 1848 sit.
802 1776 912 1850 Quod
927 1777 1022 1848 enim
1050 1801 1117 1873 pro
1135 1776 1215 1873 lege
1231 1777 1367 1850 habere

339 1889 512 1963 debemus
529 1913 603 1961 non
621 1901 768 1985 propter
785 1888 982 1962 dictamina
997 1889 1153 1962 aliorum
1165 1889 1365 1980 hominum,

339 2002 403 2075 sed
420 2015 569 2099 propter
589 2025 690 2074 suam
706 2002 989 2098 uniuscujusque
1005 2002 1196 2090 rationem,
1214 2025 1367 2075 consen·

338 2126 446 2189 tanea
476 2138 554 2188 esse
577 2114 686 2188 debet
702 2114 953 2188 universaliter
970 2114 1103 2187 rationi
1120 2115 1301 2205 humanae,
1329 2128 1367 2190 et

337 2252 403 2326 per
430 2252 653 2324 consequens
687 2228 744 2301 lex
774 2228 948 2301 naturalis
979 2241 1047 2301 est.
1099 2228 1213 2323 Leges
1242 2227 1366 2322 itaque

337 2342 520 2415 naturales
549 2341 805 2437 publicatione,
832 2341 1128 2438 proclamatione,
1157 2341 1365 2438 promulga-

337 2455 437 2528 tione
451 2480 524 2527 non
543 2454 729 2551 indigent;
755 2468 797 2528 ut
815 2480 896 2551 quae
909 2455 947 2527 in
964 2455 1072 2527 unico
1083 2466 1267 2549 praecepto
1279 2477 1365 2526 con-

336 2567 512 2655 tinentur,
536 2567 773 2664 quodcunque
789 2566 900 2639 uultis
915 2565 1122 2663 etfaciam
1135 2563 1236 2637 vobit
1253 2565 1365 2637 leomi-

336 2705 412 2769 nea,
426 2680 470 2753 td
483 2679 676 2777 oosfacite
690 2679 780 2752 illia.

387 2794 566 2880 Secundo,
594 2794 624 2866 si
651 2794 709 2866 lex
735 2793 857 2889 aliqua
884 2817 957 2865 non
984 2816 1120 2881 omnes
1136 2791 1200 2864 sed
1224 2803 1364 2863 certum

336 2931 450 3003 genus
475 2907 663 2979 hominum
687 2907 743 2979 vel
767 2919 907 2978 certum
923 2905 1107 2977 hominem
1131 2905 1279 2999 obliget,
1297 2928 1364 2977 nec

336 3021 383 3092 sit
400 3020 535 3114 scripta
548 3043 664 3114 neque
682 3019 920 3114 promulgata,
932 3017 991 3089 lex
1001 3030 1141 3089 uaturae
1152 3028 1218 3089 est.
1245 3017 1364 3089 Etiam

335 3134 433 3229 leges
467 3154 593 3205 omnes
624 3155 696 3203 non
720 3131 969 3226 promulgatae,
1001 3130 1031 3201 si
1062 3129 1235 3224 obligent,
1267 3129 1364 3225 leges

336 3245 520 3319 naturales
538 3257 633 3317 sunt.
661 3245 681 3315 J
686 3268 769 3317 ussa
786 3245 881 3317 enim
893 3243 1014 3316 omnia
1024 3242 1188 3315 homines
1202 3243 1365 3338 obligant

334 3360 392 3432 vel
420 3373 599 3455 quatenns
626 3357 801 3445 homines,
821 3356 877 3429 vel
896 3367 1073 3451 quatenus
1090 3355 1197 3444 cives,
1215 3355 1273 3427 vel
1291 3380 1363 3429 non

335 3472 482 3545 omnino
500 3470 673 3565 obligant.
726 3471 853 3565 Itaque
865 3469 895 3542 si
908 3468 1051 3565 publico
1070 3468 1235 3541 ministro
1252 3493 1362 3564 nego-

335 3586 427 3659 tium
457 3582 696 3681 quodcunque
719 3584 882 3679 imponat
902 3582 1108 3655 faciendum
1135 3581 1260 3654 civitas
1287 3584 1364 3657 sine

334 3700 470 3794 scripta
485 3698 621 3792 regula,
639 3698 709 3770 erit
725 3697 778 3769 illi
790 3721 856 3793 pro
870 3697 994 3792 regula
1005 3695 1186 3767 dictamen
1200 3696 1363 3787 rationis,

334 3811 454 3908 legato
473 3811 618 3906 quidem
636 3811 791 3883 civitatis
803 3812 949 3897 bonurn,
959 3808 1074 3904 judici
1085 3822 1206 3880 autem
1217 3808 1256 3881 id
1266 3812 1364 3905 quod

335 3925 403 3997 sibi
420 3948 563 4020 aequum
580 3924 772 3996 videbitur.
824 3924 960 3996 Civitas
975 3923 1072 3995 enim
1090 3934 1128 3994 et
1143 3923 1280 3995 bonum
1295 3926 1363 3997 sibi

334 4050 371 4110 et
388 4038 526 4110 civibus
543 4061 687 4132 aequnm
700 4038 790 4110 velle
807 4037 1032 4133 intelligitur.

384 4151 540 4246 Legibus
568 4163 708 4223 naturae
737 4151 907 4246 exceptis
926 4150 971 4222 de
994 4161 1126 4222 natura
1152 4160 1189 4221 et
1207 4149 1362 4222 essentia

333 4262 454 4358 legum
472 4264 623 4337 aliarum
637 4263 797 4338 omnium
815 4275 929 4337 estut
950 4262 1247 4359 promulgentur;
1274 4263 1362 4336 alio-
