2926 4980
72 285 145 353 564
309 298 526 351 Αιιιιιιιιιιι
543 298 599 351 nn
618 299 878 353 nnvrnrnan.

12 500 33 551 ι.
123 478 172 553 Β.
199 478 273 553 Sed
297 502 519 576 unoquoque
542 480 627 553 loco
647 477 755 552 facile
772 476 970 552 emendari
989 484 1140 574 potest.

12 580 186 665 Vel
158 614 190 665 n
207 590 358 666 dixisset
377 592 546 683 Deum,
536 617 574 666 m
599 616 758 690 persona
780 592 949 721 propria,
985 590 1143 665 consti-

12 705 186 779 ·tuisse
204 704 285 795 sibi,
298 706 531 780 ministrante
541 706 657 794 Mose,
672 705 948 789 ecclesiam31n
961 728 1143 802 persona

12 786 96 885 lh
74 816 167 905 lilii,
178 818 333 891 eandem
345 818 592 902 redemisse3'
554 818 966 916 ·1npersonaSpiritus
982 818 1139 909 Sancti,

75 928 229 1005 paridem
247 931 516 1016 sanctificasse3
542 955 618 1005 non
633 943 801 1005 errasset.

126 1044 175 1119 A.
203 1044 333 1141 Capite
350 1045 538 1142 trigesimo
555 1056 699 1141 quarto,
716 1057 830 1142 negat
841 1043 1002 1141 probari
1020 1067 1137 1140 posse

76 1182 121 1233 ιιιι
148 1181 289 1233 canone
316 1158 460 1231 Veteris
489 1158 727 1245 Testamenti,
752 1158 904 1254 angelos
936 1157 1067 1231 reales
1095 1169 1137 1231 et

78 1282 333 1371 permanentes
350 1271 572 1344 substantias
590 1294 681 1360 esse,
699 1271 764 1343 sed
780 1270 1054 1367 phantasmata
1071 1294 1135 1345 sn·

77 1383 348 1485 pnirrrsturalim
375 1408 469 1479 quae,
488 1382 575 1480 quia
590 1383 661 1457 illis
678 1384 779 1457 Deus
794 1383 915 1457 utitur
928 1382 982 1456 ad
993 1384 1133 1459 volun·

80 1512 194 1575 uitem
212 1522 317 1571 suam
336 1498 606 1589 declarandam,
618 1498 849 1595 appellantur
865 1499 1007 1595 angeli.

129 1612 177 1685 B.
206 1611 357 1684 Certum
375 1624 444 1699 est,
461 1613 632 1709 angelum
648 1636 783 1685 nomen
800 1635 880 1685 esse
907 1612 1038 1701 officii,
1052 1612 1129 1709 spi·

78 1724 244 1820 ritusque
258 1749 397 1815 omnes,
414 1738 566 1823 propter
590 1726 877 1822 diaphanitatem
904 1725 1127 1799 substantie

79 1838 291 1935 spiritualis,
308 1839 508 1912 invisibiles
527 1861 617 1929 esse,
634 1839 706 1912 nisi
722 1862 766 1913 eo
784 1861 894 1911 sensu
913 1862 992 1934 quo
1009 1837 1122 1911 videri

79 1952 252 2027 dicuntur
263 1953 523 2049 phantasmata
542 1953 581 2026 in
607 1953 767 2050 speculo,
784 1975 927 2042 somno,
944 1951 1008 2026 vel
1024 1963 1119 2025 tene·

79 2066 166 2141 bris.
220 2068 347 2162 ltaque
365 2066 508 2163 quoties
534 2058 665 2162 aliquis
692 2065 828 2138 dieitur
853 2065 893 2136 in
922 2063 1115 2162 Scriptmis

81 2180 202 2254 Sacris
229 2180 365 2253 vidisse
389 2179 573 2276 angelum,
600 2179 692 2252 visio
722 2178 786 2252 illa
809 2202 885 2251 nou
912 2189 974 2252 est
1004 2178 1116 2251 sensio

79 2294 241 2368 humana
273 2318 356 2391 quae
381 2295 425 2366 fit
453 2317 519 2390 per
554 2292 691 2384 oculos
721 2292 787 2366 sed
817 2292 966 2388 qualem
999 2290 1124 2365 habuit

79 2409 208 2498 Jacob,
226 2432 309 2481 cum
327 2407 469 2481 videret
486 2408 637 2504 angelos
661 2406 899 2481 ascendentes
918 2418 957 2479 et
972 2406 1126 2480 deseen-

82 2520 210 2593 dentes
223 2545 289 2617 per
306 2520 453 2610 scalam,
469 2543 553 2594 cum
572 2520 761 2593 dormiret.
799 2517 996 2592 Sadducaei
1015 2543 1128 2615 nega-

81 2634 172 2706 bant
187 2635 338 2729 angelos
356 2657 433 2706 esse
451 2633 684 2706 substantias.
725 2631 874 2708 Quare?
919 2630 1010 2705 Non
1030 2631 1130 2729 quod

82 2770 156 2819 non
169 2745 361 2820 crederent
376 2746 612 2819 Testamento
630 2746 768 2835 Veteri,
782 2745 846 2818 sed
865 2744 952 2840 quia
969 2746 1130 2819 creatio·

81 2859 138 2931 nis
156 2860 370 2954 angelorum
387 2860 425 2931 in
443 2860 567 2932 Veteri
580 2859 817 2932 Testamento
832 2858 933 2931 nulla
950 2871 1010 2931 est
1027 2883 1132 2933 men·

82 2972 146 3045 tio.
216 2973 345 3068 Neque
362 2986 484 3044 tamen
503 2997 526 3044 a
541 2972 679 3045 Judaeis
702 2971 1011 3045 excommunicati
1030 2983 1132 3046 sunt.

83 3086 142 3157 An
161 3087 271 3158 etiam
298 3098 409 3182 negat
426 3087 573 3182 probari
591 3110 698 3183 posse
724 3086 874 3182 angelos
901 3085 1133 3160 substantias

84 3222 162 3271 esse
176 3223 221 3272 ex
238 3200 476 3273 Testamento
495 3199 629 3272 Novo?

134 3313 182 3384 A.
210 3313 296 3385 Non
314 3324 446 3409 negat;
473 3312 539 3386 sed
565 3314 595 3385 si
623 3325 720 3402 sunt,
738 3312 887 3408 probari
912 3306 1000 3383 inde
1018 3336 1134 3408 posse

85 3425 175 3498 dicit
192 3427 413 3500 substantias
432 3450 626 3523 corporeas
644 3451 732 3499 esse.

134 3540 184 3611 B.
213 3541 296 3612 Hoc
314 3564 433 3635 neque
450 3541 610 3635 antiquis
625 3541 792 3613 Patribus
805 3540 987 3627 omnibus,
1006 3562 1133 3636 neque

85 3652 311 3726 Ductoribus
345 3653 513 3726 omnibus
557 3653 794 3726 ecclesiarum
831 3653 1132 3746 reformatarum,

85 3765 312 3860 paradoxum
329 3778 387 3838 est
402 3797 411 3845 ;
438 3789 557 3860 neque
583 3767 629 3838 ab
648 3766 803 3839 ecclesia
820 3765 1027 3861 Anglicana
1042 3789 1135 3841 cou-

86 3878 292 3953 demnatur.

137 3992 186 4063 A.
215 3990 343 4087 Capite
369 3989 558 4085 trigesimo
585 4002 730 4080 octavo,
745 3990 904 4063 animam
927 3993 1134 4070 humanam

87 4128 153 4178 sua
181 4116 325 4194 natura,
342 4105 382 4178 id
407 4118 475 4193 est,
503 4103 549 4176 ab
566 4103 647 4199 ipsa
666 4104 863 4195 creatione,
882 4106 1135 4183 immortalem

88 4240 166 4292 esse
177 4231 300 4315 negat,
311 4219 379 4292 sed
393 4219 514 4315 gratia
526 4217 608 4306 Dei,
619 4219 818 4314 praebentis
831 4219 972 4294 Adamo
986 4232 1023 4293 et
1040 4222 1134 4298 Evae
