2926 4980
341 353 395 404 aa
415 351 608 404 crvrrxrs
630 348 897 401 cunrsrrxrrn.
1066 333 1138 398 385

97 546 167 596 nus
197 522 298 594 nulla
330 521 412 617 lege
446 518 544 593 civili
574 517 622 591 ad
653 519 878 591 contrarium
910 528 1138 590 tenerentur.
1166 545 1244 595 car.
1259 544 1345 594 xnn.

99 637 229 731 Neque
248 634 345 707 enim
363 657 407 706 eo
424 633 498 705 fine
516 641 779 715 convenerunt,
794 643 837 702 ut
856 629 945 725 quid
959 629 1140 725 recipere·
1179 628 1332 747 m

99 760 171 837 tur,
190 748 256 820 sed
271 760 315 820 ut
333 746 421 843 quid
438 746 635 818 doceretur
653 743 911 816 deliberarent.
940 743 1037 815 Nam
1052 740 1143 835 quid
1179 753 1336 799 aalma

99 862 335 958 reciperetur,
365 859 437 932 nisi
463 870 687 954 potestatem
721 857 936 930 habuissent
967 854 1143 951 legislati-

99 999 193 1062 vam,
210 974 454 1046 determinare
471 996 547 1044 non
563 983 775 1067 potuerunt.
814 971 977 1044 Verbum
995 967 1145 1065 quidem

101 1088 169 1162 Dei
196 1111 264 1183 pro
289 1085 371 1181 lege
393 1086 528 1158 habere
546 1085 759 1181 obligantur
776 1085 942 1157 homines
959 1082 1143 1166 universi;

99 1213 142 1274 ut
175 1213 299 1273 autern
325 1222 392 1295 pro
419 1199 531 1271 verbo
560 1198 630 1270 Dei
664 1197 871 1294 reciperent
896 1195 1072 1294 quicquid
1106 1195 1144 1267 in

101 1314 170 1386 Dei
186 1313 336 1385 nomine
353 1313 399 1385 ab
417 1312 566 1385 homine
583 1311 731 1385 mortali
749 1311 1062 1408 pronuntiaretur,
1080 1320 1145 1381 aut

102 1428 202 1525 quod
235 1428 377 1523 legibus
412 1427 593 1515 civilibus,
637 1449 728 1522 quas
763 1424 1024 1499 custodiendas
1065 1446 1144 1495 esse

102 1541 203 1615 Deus
233 1541 355 1637 jussit,
387 1539 614 1613 contrarium
649 1538 856 1627 doceretur,
883 1537 1036 1634 obligati
1069 1559 1145 1609 non

103 1665 219 1727 erant.

154 1767 340 1842 Quoniam
367 1776 491 1839 autem
519 1765 756 1838 consiliorum
779 1768 1032 1862 apostolorum
1061 1778 1146 1838 acta

103 1892 298 1953 nouerant
315 1880 426 1975 leges,
453 1878 571 1951 multo
596 1879 715 1950 minus
734 1903 801 1974 pro
816 1879 958 1975 legibus
977 1878 1148 1952 habenda

104 2006 190 2067 sunt
209 1993 458 2066 Conciliorum
476 2015 605 2063 eorum
625 2003 815 2086 pastorum
839 2005 934 2082 acta,
954 2016 1036 2088 quae
1062 2014 1146 2086 pos-

104 2123 166 2180 tea
182 2107 261 2180 sine
279 2105 501 2178 authoritate
519 2104 618 2176 civili
631 2104 758 2176 habita
769 2104 932 2177 fuerunt.
987 2105 1145 2176 Constat

105 2243 193 2316 ergo
218 2219 426 2314 Scripturas
457 2219 599 2304 Sauras,
629 2217 698 2288 etsi
721 2217 899 2290 doctrinae
928 2217 1146 2290 Christianae

107 2333 241 2428 regulae
266 2343 371 2405 erant
394 2331 680 2426 perfectissimae,
707 2331 806 2426 leges
829 2342 955 2403 tamen
972 2330 1053 2402 fieri
1071 2353 1146 2402 non

103 2447 267 2543 potuisse
303 2446 381 2517 sine
409 2468 591 2517 consensu
622 2467 752 2538 regum
786 2443 1017 2540 aliorumque
1048 2468 1147 2515 sum-

104 2583 201 2631 mam
222 2558 438 2630 habentium
456 2566 679 2652 potestatem
698 2557 853 2629 civilem.

154 2673 199 2744 ln
216 2696 290 2768 quo
307 2671 467 2767 primum
492 2669 657 2742 Concilio
677 2669 878 2766 Scripturae
897 2671 1020 2743 Sacrae
1038 2670 1147 2743 factae

106 2797 212 2858 erant
229 2785 429 2874 canonicae,
443 2808 518 2856 non
532 2795 688 2856 constat.
730 2784 826 2856 Nam
844 2807 1026 2858 canonum
1044 2808 1149 2879 apos-

106 2898 300 2971 tolicorum
318 2898 498 2986 collecti0,
518 2922 600 2993 quae
615 2898 795 2969 Clementi
811 2899 1038 2987 attribuitur,
1054 2897 1149 2993 epis-

107 3036 200 3107 copo
229 3012 396 3084 Romano
422 3024 506 3108 post
531 3012 568 3083 S.
588 3011 737 3082 Petrum
762 3011 894 3106 primo,
912 3012 1024 3083 etiam
1050 3033 1148 3082 nunc

107 3124 337 3220 disputatur:
366 3137 402 3196 et
430 3147 639 3219 quanquam
662 3123 746 3195 libri
770 3124 939 3196 canonici
962 3125 1010 3197 ibi
1042 3124 1147 3216 (Can.

106 3237 232 3326 lxxxv)
264 3251 517 3325 numerantur,
536 3238 648 3310 verba
673 3249 798 3309 tamen
823 3237 914 3326 haec,
938 3239 1016 3310 rint
1044 3236 1150 3310 nobis

107 3351 271 3423 omnibus
290 3351 442 3423 clericis
460 3361 498 3423 et
515 3350 627 3423 laicis
646 3350 737 3423 libri
753 3352 968 3441 venerandi,
988 3361 1057 3424 etc.
1077 3352 1150 3424 dis-

108 3465 325 3539 tinctionem
342 3465 478 3538 habent
492 3465 707 3537 clericorum
721 3478 759 3536 et
772 3465 960 3554 laicorum,
973 3490 1055 3562 quae
1074 3480 1150 3538 tarn

106 3604 222 3677 prope
246 3580 294 3653 ad
321 3592 489 3675 tempora
518 3579 768 3674 apostolorum
795 3591 971 3674 usurpata
997 3602 1071 3650 non
1095 3577 1149 3650 vi-

107 3694 229 3766 detur.
273 3693 403 3788 Itaque
422 3691 638 3777 Concilium,
657 3691 756 3786 quod
774 3691 981 3787 Scripturas
1000 3690 1151 3764 canoni-

109 3830 170 3879 cas
194 3807 355 3903 primum
382 3805 482 3893 fecit,
503 3804 728 3876 Laodicense
746 3815 837 3893 erat,
857 3805 967 3901 quod,
1001 3805 1151 3877 Conone

110 3942 198 4007 arx,
224 3920 400 3992 librorum
423 3917 579 3989 aliorum
597 3917 793 3989 lectionem
811 3916 848 3989 in
875 3917 1037 3989 ecclesiis
1065 3942 1151 4013 pro-

109 4032 222 4106 hibet.
275 4034 400 4129 Atque
417 4031 497 4104 haec
516 4031 562 4103 de
580 4055 720 4103 canone
752 4030 1024 4126 Scripturaruur
1052 4032 1152 4104 dicta

108 4146 305 4219 sufficiant.

160 4259 373 4333 Officiorum
403 4258 747 4347 ecclesiasticorum,
776 4268 941 4355 tempore
972 4258 1154 4354 apostolo-

212 4396 306 4447 vot.
322 4396 386 4446 111.
987 4394 1010 4445 C
1029 4393 1052 4445 0
