2926 4980
133 525 211 578 CAP.
223 528 287 578 Xll.

327 312 375 378 96
719 328 773 379 ou
795 329 977 381 nonina.

325 494 482 591 primam
512 496 660 569 oracula
684 519 751 592 per
780 498 975 593 imperium
1006 498 1214 572 Romanum
1243 498 1367 571 omnia

143 609 286 644 ψ
326 609 517 699 siluerunt,
544 633 791 706 numerusque
815 610 1108 684 Christianorum
1138 611 1302 707 quotidie
1329 623 1367 685 et

127 679 281 738 Denugiona.

326 722 540 796 mirabiliter
554 734 761 819 augeretur,
780 747 915 819 magna
932 747 978 795 ex
991 735 1097 819 parte
1116 724 1229 796 tribui
1245 736 1366 821 potest

326 837 559 911 sacerdotum
576 837 749 927 avaritiae,
769 836 969 934 spurcitiei,
986 839 1154 933 fictisque
1171 838 1365 929 vaticiniis

324 951 382 1023 vel
399 951 447 1024 ad
471 951 734 1047 promerendos
758 974 875 1047 reges,
893 951 952 1022 vel
979 975 1025 1023 ne
1052 951 1142 1024 nihil
1163 952 1364 1048 praedicere

324 1064 549 1153 viderentur,
581 1066 773 1162 ambiguis,
826 1065 906 1138 Nec
933 1066 1091 1138 multum
1122 1065 1287 1138 dissimili
1318 1065 1365 1138 de

324 1201 435 1250 causa
451 1179 613 1253 ecclesiae
632 1180 808 1252 Romanae
826 1179 925 1276 apud
937 1178 1078 1275 Anglos
1096 1178 1364 1274 nonnullosque

324 1291 414 1365 alios
442 1293 597 1388 populos
623 1291 782 1366 enormis
806 1302 970 1388 potestas
994 1292 1145 1365 tandem
1171 1316 1366 1388 suppressa

324 1418 404 1491 est;
431 1416 595 1479 cessante
619 1406 760 1480 scilicet
784 1418 974 1501 pastorum
1005 1406 1212 1494 sanctitate,
1236 1407 1363 1501 populi

324 1519 480 1593 cessavit
496 1519 597 1592 fides

372 1632 511 1706 Eadem
528 1632 693 1723 ecclesia,
711 1631 923 1705 introducta
946 1632 985 1704 iu
1008 1632 1222 1728 religionem
1244 1633 1362 1728 philo-

323 1747 453 1843 sophia
481 1747 702 1837 Aristotelis‚
733 1746 944 1820 innumeras
974 1746 1060 1819 inde
1095 1757 1362 1834 contexuerunt

323 1860 541 1935 Scholastici
570 1861 757 1933 doctrinas
786 1860 855 1932 sibi
881 1859 1039 1932 invicem
1057 1869 1305 1956 repugnantes
1324 1874 1362 1932 et

321 1975 637 2064 contradictorias,
651 1974 867 2047 clericorum
883 1997 958 2046 non
975 1972 1085 2045 modo
1104 1973 1362 2070 ignorantiam,

321 2091 387 2164 sed
412 2090 523 2164 ctiam
547 2088 833 2162 fraudulentiam
858 2087 1085 2183 detegentes.
1140 2088 1233 2162 Quae
1251 2111 1364 2161 causa

321 2204 437 2277 altera
449 2214 539 2294 erat,
554 2227 667 2300 quare
684 2202 840 2299 populus
857 2201 1004 2274 illorum
1018 2204 1145 2297 jugum
1160 2214 1360 2291 excuteret,

319 2317 545 2414 principibus
562 2317 696 2414 partim
714 2316 933 2406 volentibus,
951 2316 1050 2389 utin
1068 2314 1213 2410 Anglia,
1225 2317 1362 2412 partim

319 2431 516 2527 prohibere
535 2454 612 2505 non
630 2429 847 2510 valentibus,
864 2442 907 2501 ut
924 2428 962 2501 in
980 2428 1109 2502 Gallia.

371 2545 571 2633 Postremo,
588 2544 686 2616 intcr
709 2542 882 2615 articulos
904 2542 1002 2630 fidei,
1029 2566 1120 2637 quos
1137 2541 1185 2613 ad
1206 2542 1361 2616 salutem

320 2658 546 2732 necessarios
564 2656 764 2730 declaravit
781 2655 935 2729 ecclesia
949 2656 1127 2745 Romana,
1142 2655 1236 2729 adeo
1254 2657 1360 2730 multi

320 2771 370 2843 ad
387 2772 496 2867 Papae
511 2768 552 2843 'et
569 2795 720 2842 suorum
738 2770 777 2842 in
795 2770 966 2842 dominiis
980 2769 1136 2844 aliorum
1150 2769 1360 2866 principum

318 2882 564 2957 habitantium
577 2883 805 2956 subditorum
820 2883 1063 2979 spiritualium
1074 2884 1360 2957 emolumentum

277 3036 279 3041 .
318 2995 511 3069 manifeste
536 2995 706 3082 tendunt,
732 3007 774 3067 ut
799 2995 868 3068 uisi
888 2994 1033 3068 illorum
1049 3005 1179 3068 mutua
1195 2995 1359 3068 obstaret

318 3108 515 3193 aemulatio,
533 3131 608 3179 non
635 3109 755 3180 minus
779 3107 887 3180 facile
914 3120 1008 3181 esset
1035 3108 1260 3204 principibus
1277 3108 1359 3204 qui-

317 3219 531 3316 buscunque
542 3231 763 3316 potestatem
773 3220 873 3293 illam
887 3223 998 3294 etiam
1013 3221 1090 3293 sine
1104 3219 1200 3293 bello
1215 3220 1357 3316 ejicere,

318 3358 430 3431 quam
459 3358 504 3406 ex
535 3333 671 3430 Anglia
703 3334 821 3429 ejecta
854 3333 935 3406 fuit.
989 3333 1082 3408 Quis
1113 3333 1223 3422 enim,
1255 3332 1358 3428 cujus

317 3448 415 3522 bono
439 3446 603 3521 creditur
619 3448 716 3544 regis
736 3448 1009 3539 authoritatem,
1027 3447 1098 3521 nisi
1122 3447 1358 3544 abepiscopo

317 3573 514 3635 coronatus
542 3561 602 3651 sit,
630 3561 816 3634 aChristo
841 3584 917 3634 non
947 3585 1037 3649 esse,
1068 3562 1232 3652 (causam
1259 3584 1359 3634 cere-

317 3675 450 3748 mouiae
477 3675 573 3748 illius
596 3674 635 3747 in
662 3675 881 3747 coronandis
901 3673 1080 3769 regibus),
1099 3698 1175 3747 uon
1192 3675 1359 3747 animad-

317 3786 453 3859 vertit?
481 3787 587 3884 Regi,
617 3787 647 3859 si
674 3786 845 3859 sacerdos
867 3788 944 3875 fiat,
961 3811 1114 3860 uxorem
1131 3787 1265 3860 ducere
1283 3810 1357 3859 non

317 3898 452 3972 licere?
480 3900 615 3972 Utrum
641 3923 705 3972 rex
734 3899 772 3971 in
801 3898 964 3994 legitimo
988 3899 1222 3974 matrimonio
1249 3909 1355 3971 natus

317 4013 375 4099 sit,
399 4012 640 4109 judicandum
675 4036 754 4084 esse
788 4036 811 4083 a
844 4012 946 4085 curia
972 4013 1163 4096 Romana;
1190 4010 1355 4085 subditos

317 4126 414 4221 regis
441 4125 642 4198 Christiani
669 4126 714 4197 ab
738 4124 948 4198 obedientia
965 4125 1063 4197 civili
1079 4126 1217 4198 absolvi
1235 4148 1353 4221 posse,

317 4238 346 4310 si
377 4239 570 4311 haereticus
594 4240 641 4311 sit
669 4240 757 4311 rex?
795 4240 933 4333 Regem
960 4239 1015 4330 (ut
1040 4238 1264 4335 Chilpericus
1290 4262 1354 4309 rex
