2926 4980
180 566 258 616 CAP.
270 565 333 615 Vll.

195 647 328 682 -γ-ν

159 709 193 753 Dc
203 709 343 752 discursuum

157 839 207 882 buu

110 4556 248 4680 ἢ

369 349 417 416 52
756 366 810 417 ou
831 364 1015 417 uourun.

369 533 454 606 liter
468 563 476 616 ;
496 542 534 604 et
546 532 640 606 scire
652 557 728 606 non
742 534 801 606 rei
811 533 860 606 ad
871 557 961 617 rem,
976 531 1041 604 sed
1054 527 1208 602 nominis
1221 527 1269 601 ad
1282 551 1409 598 conten

371 645 681 741 consequentiam.
734 648 773 721 Si
803 647 988 721 discursus
1018 668 1106 741 ergo
1133 643 1181 716 sit
1209 643 1248 714 iu
1275 641 1408 729 verbis,

370 758 592 854 incipiatque
609 783 632 832 a
649 758 921 833 definitionibus
937 759 1143 843 verborum,
1161 754 1409 852 procedatque

370 895 437 968 per
454 872 730 945 concoctionem
748 896 876 946 eorum
885 872 925 945 in
936 869 1216 968 propositiones,
1231 879 1268 940 et
1285 890 1410 939 rursus

370 983 657 1080 propositionum
688 984 726 1058 in
756 985 995 1082 syllogismon,
1030 981 1332 1055 determinabitur
1370 979 1409 1052 in

368 1098 493 1193 aliqua
519 1098 762 1189 conclusione,
785 1123 868 1196 quae
898 1120 1040 1171 summa
1056 1106 1113 1168 est
1130 1094 1292 1167 omnium
1309 1104 1410 1165 ante-

371 1211 581 1284 cedentium
594 1212 898 1307 propositionum.
939 1211 1060 1305 Atque
1072 1207 1152 1279 haec
1165 1205 1323 1279 scientia
1341 1217 1409 1290 est,

371 1325 448 1398 sive
462 1324 624 1421 cognitio
639 1325 983 1421 consequentiarum
997 1322 1106 1394 unius
1117 1318 1219 1392 verbi
1233 1318 1280 1391 ad
1297 1317 1409 1391 aliud.

370 1437 509 1510 Verum
537 1438 568 1511 si
598 1437 782 1512 discursus
807 1462 882 1511 non
906 1435 1055 1532 incipiat
1078 1459 1102 1508 a
1123 1432 1409 1519 definitionibus,

369 1552 429 1625 vel
445 1552 476 1624 si
494 1551 723 1624 definitiones
748 1551 820 1624 illae
849 1574 923 1623 uon
953 1561 1055 1622 recte
1080 1556 1348 1621 connectantur
1369 1545 1409 1618 in

371 1664 612 1762 syllogismos,
640 1676 729 1738 tunc
756 1688 881 1737 rursus
910 1664 1093 1736 discursus
1121 1659 1341 1733 terminatur
1369 1657 1410 1731 in

370 1778 543 1876 opinione
569 1790 714 1852 tantum
739 1777 905 1850 veritatis
940 1774 1194 1863 conclusioniS,
1221 1785 1410 1868 utcunque

370 1890 539 1964 absurdae
552 1901 589 1963 et
605 1890 899 1986 insignificantis.
951 1887 1110 1963 Quando
1125 1886 1197 1959 duo
1210 1885 1270 1959 vel
1286 1884 1410 1981 plures

370 2002 468 2075 idem
499 2003 607 2076 simul
633 2003 764 2089 sciunt,
791 2002 931 2075 conscii
961 2002 1155 2084 dicuntur;
1182 2011 1220 2072 et
1245 1999 1332 2095 quia
1356 1997 1410 2071 illi

370 2114 551 2189 factorum
568 2139 717 2189 suorum
731 2126 859 2188 mutuo
872 2126 984 2188 testes
998 2114 1156 2186 maxime
1170 2111 1293 2185 idonei
1311 2124 1409 2199 sunt,

369 2229 530 2303 maxima
552 2253 696 2326 semper
719 2229 791 2303 fuit
813 2229 942 2302 eterit
965 2228 1172 2301 existimata
1194 2224 1410 2322 improbitas

370 2343 620 2416 testimonium
638 2353 768 2415 contra
790 2341 1053 2414 conscientiam
1071 2340 1204 2429 dicere,
1222 2338 1280 2411 vel
1298 2338 1410 2411 alium

371 2467 414 2529 ut
441 2456 540 2529 dicat
569 2455 754 2529 inducere.
807 2455 1015 2551 Usurpatur
1032 2464 1155 2527 autem
1170 2477 1243 2525 vox
1269 2451 1409 2524 consci-

368 2571 476 2641 cntia
493 2570 690 2665 saepissime
706 2592 774 2665 pro
791 2592 857 2642 sua
880 2569 1055 2664 cujusque
1077 2566 1168 2640 facti
1184 2566 1242 2639 vel
1259 2565 1412 2662 cogitati

372 2693 514 2755 secreta
531 2682 752 2777 cognitione.
805 2682 899 2754 Sunt
926 2682 1038 2754 etiam
1064 2681 1127 2776 qui
1149 2678 1315 2776 proprias
1333 2679 1412 2775 opi-

373 2794 502 2868 niones
537 2818 620 2867 suas
656 2794 817 2890 privatas
844 2818 1041 2890 novasque,
1069 2805 1221 2889 propter
1251 2816 1414 2866 amorem

374 2907 511 3003 ingenii
524 2906 676 3003 proprii,
691 2907 761 2979 etsi
781 2906 977 3002 aliquando
1001 2906 1288 2994 absurdissimas
1300 2907 1414 2980 obsti-

371 3019 647 3091 natesustinent
657 3019 724 3091 sub
734 3019 881 3092 nomine
891 3018 954 3092 illo
966 3018 1411 3104 conscientiaefavorabili3

371 3142 561 3227 tamquam
588 3131 668 3204 illas
687 3145 829 3205 mutare
853 3147 1049 3229 peccatum
1076 3133 1274 3207 maximum
1301 3145 1408 3208 esset.

375 3246 504 3341 Itaque
530 3245 721 3317 veritatem
749 3245 892 3318 illarum
927 3246 1027 3319 scire
1056 3270 1095 3319 se
1123 3247 1240 3320 videri
1267 3247 1410 3338 volunt,

369 3358 521 3455 quando
539 3357 630 3431 nibil
649 3359 770 3433 sciunt
791 3359 861 3432 nisi
882 3361 981 3456 quod
997 3361 1067 3457 ipsi
1084 3361 1138 3434 ita
1154 3361 1363 3457 opinantur.

426 3471 584 3547 Quando
602 3471 787 3546 discursus
805 3497 880 3546 nou
898 3474 1027 3570 incipit
1050 3499 1073 3547 a
1092 3474 1319 3564 definitione,
1337 3487 1412 3549 ter-

374 3584 537 3657 minatur
559 3607 704 3680 semper
724 3585 763 3658 in
787 3585 971 3681 opinione.
1024 3585 1135 3660 Quod
1160 3587 1191 3660 si
1210 3587 1341 3684 incipit
1365 3589 1412 3661 ab

375 3698 529 3793 alicujus
563 3698 713 3772 alterius
747 3699 905 3772 hominis
939 3700 1192 3790 affirmatione,
1228 3700 1274 3774 de
1309 3703 1411 3798 cujus

374 3810 534 3883 bominis
551 3835 671 3908 neque
689 3813 898 3908 cognitione
915 3835 1033 3907 neque
1049 3814 1249 3888 veracitate
1267 3813 1412 3887 dubita-

375 3947 467 4012 muS,
496 3924 582 4020 quia
606 3926 757 4021 quaestio
784 3938 939 3999 estnon
965 3938 1042 3999 tam
1069 3928 1114 4000 de
1141 3950 1197 4017 re,
1226 3952 1334 4024 quam
1366 3927 1412 4000 de

368 4061 566 4134 persuum
593 4052 681 4112 tunc
695 4040 959 4113 determinatur
976 4040 1015 4112 in
1034 4042 1242 4115 creditione
1257 4053 1294 4114 et
1305 4040 1391 4135 fide
1397 4065 1411 4122 ;

360 4148 460 4242 fide,
478 4148 638 4245 inquam,
653 4153 794 4226 bomini
806 4154 953 4236 babita;
981 4155 1187 4228 creditione
1204 4155 1269 4228 rei.
1323 4153 1413 4225 Cre-

375 4259 467 4333 dere
484 4261 522 4334 in
539 4262 727 4354 bominem,
746 4277 784 4339 et
801 4266 958 4339 credere
975 4266 1124 4358 homini,
1138 4267 1235 4341 idem
1252 4266 1413 4362 plerum-
