2926 4980
113 544 190 595 CAP.
202 544 286 595 xtn.

129 626 270 659 -ae-d

126 688 158 732 Do
168 694 272 746 potentatu

124 752 273 797 ecclesiastico.

309 335 383 401 420
560 348 614 401 na
632 348 825 402 crvrrarn
844 349 1108 402 cnnrsrrann.

311 515 470 589 dandum
482 539 570 612 ergo
585 526 651 604 est,
663 528 726 589 aut
737 516 944 589 ministrum
959 515 1156 612 quemlibet
1169 515 1350 612 exiguum

312 629 349 702 in
368 629 516 703 civitate
537 629 834 724 jurisdictionem
860 653 963 704 suam
985 633 1067 727 jure
1094 628 1220 703 divino
1239 652 1349 703 exer-

313 742 471 829 cere,vel
481 741 670 839 episcopie,
681 754 723 816 ut
731 742 1005 838 jurisdictiones
1018 767 1102 816 suas
1112 742 1165 816 ita
1177 753 1349 831 teneant,

313 855 408 952 Papa
427 865 594 953 excepto,
609 855 885 929 concedendum
901 881 976 929 non
993 866 1060 929 est.

363 968 436 1041 Sed
454 967 666 1067 disputatio,
683 992 730 1041 an
747 969 1040 1064 jurisdictionem
1064 969 1176 1043 talem
1201 967 1352 1041 dederit

313 1082 479 1156 Christus
496 1082 564 1156 soli
581 1082 699 1178 Papae,
712 1105 760 1154 an
777 1082 919 1156 caeteris
942 1081 1053 1155 etiam
1078 1080 1272 1178 episcopie,
1286 1103 1352 1152 ex-

313 1209 372 1271 tra
388 1196 589 1270 dominium
608 1195 715 1291 Papae
741 1194 941 1291 temporale
967 1205 1046 1268 tota
1070 1193 1260 1267 contentio
1287 1206 1350 1267 est

313 1311 358 1384 de
375 1311 459 1383 lana
476 1309 645 1405 caprina;
671 1331 789 1403 neque
803 1307 901 1380 enim
925 1306 997 1398 iile,
1014 1330 1083 1380 nec
1108 1306 1148 1379 hi
1172 1305 1350 1402 jurisdic-

313 1424 452 1497 tionem
477 1421 626 1493 omnino
651 1420 763 1493 ullam
789 1420 938 1493 habent.
1001 1418 1214 1493 Jurisdictio
1246 1418 1350 1490 enim

312 1535 404 1609 nihil
421 1533 520 1606 aliud
546 1545 602 1605 est
627 1545 761 1628 praeter
785 1544 1003 1629 potestatem
1028 1531 1239 1627 legitimam,
1262 1531 1350 1604 lites

312 1650 408 1722 inter
426 1647 542 1719 civem
559 1656 595 1717 et
613 1645 729 1717 civem
747 1644 990 1741 cognoscendi
1007 1656 1045 1718 et
1062 1643 1254 1718 decidendi
1270 1675 1280 1728 ;
1307 1658 1351 1718 et

312 1761 360 1835 ad
394 1758 576 1833 neminem
610 1757 793 1853 pertinere
822 1769 945 1854 potest
973 1769 1107 1855 praeter
1135 1756 1250 1844 illum,
1280 1759 1350 1851 qui

311 1883 530 1971 potestatem
558 1871 668 1944 habet
689 1872 780 1968 justi
797 1883 835 1945 et
853 1871 980 1969 injusti
1004 1870 1150 1967 regulas
1176 1871 1349 1966 praescri-

311 1985 434 2075 bendi,
453 1983 491 2057 id
508 1995 575 2072 est,
592 1984 692 2080 leges
710 1984 903 2073 condendi,
921 1996 960 2057 et
976 2008 1050 2075 eoa,
1068 1985 1132 2079 qui
1150 1984 1349 2058 sententiae

311 2102 389 2196 ejus
406 2111 502 2171 stare
528 2098 786 2187 recusaverint,
803 2098 860 2171 vel
881 2098 1046 2194 judicum
1064 2121 1154 2193 quos
1180 2097 1240 2169 ille
1257 2121 1350 2171 con-

312 2213 482 2301 stituerit,
492 2210 613 2307 gladio
631 2212 777 2308 publico
791 2210 947 2308 cogendi
962 2243 971 2294 ;
999 2235 1109 2308 quam
1124 2221 1348 2307 potestatem

312 2327 422 2400 habet
448 2349 555 2397 nemo
580 2336 714 2421 praeter
739 2325 935 2413 civitatem,
961 2323 1083 2414 idest,
1101 2334 1234 2420 praeter
1259 2346 1348 2397 eum

311 2439 374 2535 qni
392 2437 549 2510 civitatis
565 2462 758 2533 personam
771 2437 879 2534 gerit.

362 2550 519 2624 Quando
531 2574 618 2646 crgo
629 2552 779 2624 adducit
790 2551 1041 2639 Bellarminus,
1052 2550 1110 2641 (ex
1122 2549 1346 2641 Luc.vi.13),

311 2666 541 2738 Servatorem
560 2676 725 2736 nostrum
743 2687 961 2736 convocasse
979 2662 1176 2759 discipulos
1194 2685 1292 2751 suoS,
1306 2676 1346 2734 et

310 2776 442 2848 exiliis
461 2774 654 2847 duodecim
671 2776 855 2871 apostolos
874 2775 1091 2862 nominasse,
1115 2774 1247 2870 probat
1265 2775 1345 2869 qui-

310 2890 392 2962 dem
416 2899 634 2985 potestatem
652 2890 721 2961 illis
739 2888 882 2962 dedisse
900 2889 1082 2961 Christum
1105 2887 1343 2984 praedicandi,

309 3026 383 3074 non
402 3014 524 3074 autem
542 3002 624 3074 lites
642 3004 739 3075 inter
757 3004 927 3075 concives
941 3001 1219 3075 determinandi.
1273 3001 1344 3074 Po-

309 3126 480 3187 testatem
499 3115 596 3187 enim
622 3115 721 3187 illam
747 3116 823 3211 ipse
850 3116 1014 3188 Christus
1040 3115 1231 3203 recusavit,
1259 3139 1344 3187 cum

311 3228 710 3320 diceret(Luc.xii.ld):
729 3229 1055 3323 Quiamejudicem
1068 3237 1133 3300 aut
1144 3228 1344 3301 divisorem

310 3341 409 3413 inter
426 3366 489 3413 voa
506 3341 732 3414 constituit?
774 3342 822 3413 Et
838 3342 909 3414 alio
927 3342 1007 3414 loco
1029 3342 1126 3432 (Joh.
1138 3341 1236 3413 xviii.
1258 3343 1342 3433 36):

308 3453 476 3550 Regnum
494 3478 606 3525 onerem
624 3478 694 3524 non
719 3463 777 3524 eat
793 3453 902 3548 hujus
920 3453 1054 3526 incendi.
1091 3454 1203 3548 Atqui
1220 3465 1344 3548 potes-

308 3576 424 3638 tatem
450 3566 694 3663 cognoscendi
721 3577 758 3638 et
789 3566 979 3638 decidendi
1006 3567 1102 3639 inter
1132 3568 1229 3639 cives
1255 3590 1344 3638 con-

309 3681 515 3769 troversias,
530 3680 677 3752 omnino
694 3680 830 3752 nullam
847 3681 969 3752 habet.
997 3679 1107 3753 Quod
1125 3693 1249 3752 tamen
1266 3702 1343 3752 non

308 3793 462 3888 impedit
488 3794 575 3888 quin
594 3793 765 3865 Servator
784 3806 907 3865 noster
924 3805 1141 3888 potestatem
1161 3792 1231 3865 illis
1247 3816 1343 3887 prae-

308 3905 466 3995 dicandi,
478 3920 516 3979 et
526 3907 748 4002 baptizandi,
767 3907 804 3978 in
818 3906 898 3979 loco
913 3931 1129 4003 quocunque
1141 3905 1342 3979 concedere

307 4020 480 4113 potuerit,
498 4020 561 4091 ubi
579 4019 656 4091 sine
675 4020 962 4114 transgressione
981 4021 1102 4115 legum
1125 4019 1285 4092 civilium
1303 4019 1343 4092 id

307 4133 385 4205 fieri
403 4133 575 4229 potuerit.
620 4132 716 4204 Nam
733 4131 874 4227 legibus
893 4132 1057 4205 civilibus
1075 4145 1154 4205 tum
1172 4132 1341 4226 apostoli,

309 4259 386 4317 tum
414 4245 579 4318 Christus
593 4245 681 4341 ipse,
699 4243 943 4317 obediendum
961 4269 1039 4318 esse
1055 4246 1188 4341 passim
1207 4244 1340 4318 docue-

308 4369 405 4432 runt.
