<?xml version="1.0" encoding="UTF-8"?>
<!DOCTYPE html PUBLIC "-//W3C//DTD XHTML 1.0 Transitional//EN"
    "http://www.w3.org/TR/xhtml1/DTD/xhtml1-transitional.dtd">
<html xmlns="http://www.w3.org/1999/xhtml" xml:lang="en" lang="en">
 <head>
  <title>
</title>
<meta http-equiv="Content-Type" content="text/html;charset=utf-8" />
  <meta name='ocr-system' content='tesseract 3.04.00' />
  <meta name='ocr-capabilities' content='ocr_page ocr_carea ocr_par ocr_line ocrx_word'/>
</head>
<body>
  <div class='ocr_page' id='page_1' title='image "./thomhobbesmalme02hobbgoog_0216.png"; bbox 0 0 2926 4980; ppageno 0'>
   <div class='ocr_carea' id='block_1_1' title="bbox 499 356 1162 424">
    <p class='ocr_par' dir='ltr' id='par_1_1' title="bbox 499 356 1162 424">
     <span class='ocr_line' id='line_1_1' title="bbox 499 356 1162 424; baseline -0.002 -2"><span class='ocrx_word' id='word_1_1' title='bbox 499 370 552 422; x_wconf 83' lang='lat' dir='ltr'><strong>on</strong></span> <span class='ocrx_word' id='word_1_2' title='bbox 573 371 780 424; x_wconf 75' lang='lat' dir='ltr'><strong>c1v1rn‘rn.</strong></span> <span class='ocrx_word' id='word_1_3' title='bbox 1090 356 1162 423; x_wconf 79' lang='lat'><strong>203</strong></span> 
     </span>
    </p>
   </div>
   <div class='ocr_carea' id='block_1_2' title="bbox 120 536 1372 4363">
    <p class='ocr_par' dir='ltr' id='par_1_2' title="bbox 120 536 1372 949">
     <span class='ocr_line' id='line_1_2' title="bbox 121 536 1372 633; baseline 0.001 -24"><span class='ocrx_word' id='word_1_4' title='bbox 121 536 293 632; x_wconf 89' lang='lat' dir='ltr'><strong>applicat.</strong></span> <span class='ocrx_word' id='word_1_5' title='bbox 347 537 606 633; x_wconf 87' lang='lat' dir='ltr'><strong>Interpretatio</strong></span> <span class='ocrx_word' id='word_1_6' title='bbox 624 549 747 609; x_wconf 89' lang='lat' dir='ltr'><strong>autem</strong></span> <span class='ocrx_word' id='word_1_7' title='bbox 775 537 838 609; x_wconf 91' lang='lat' dir='ltr'><strong>illa</strong></span> <span class='ocrx_word' id='word_1_8' title='bbox 854 537 1067 610; x_wconf 89' lang='lat' dir='ltr'><strong>authentica</strong></span> <span class='ocrx_word' id='word_1_9' title='bbox 1093 549 1160 626; x_wconf 86' lang='lat' dir='ltr'><strong>est,</strong></span> <span class='ocrx_word' id='word_1_10' title='bbox 1176 576 1252 624; x_wconf 52' lang='lat' dir='ltr'><strong>epp,</strong></span> <span class='ocrx_word' id='word_1_11' title='bbox 1274 575 1372 627; x_wconf 52' lang='lat' dir='ltr'><strong>xxv,</strong></span> 
     </span>
     <span class='ocr_line' id='line_1_3' title="bbox 120 648 1337 766; baseline 0.002 -44"><span class='ocrx_word' id='word_1_12' title='bbox 120 672 196 722; x_wconf 94' lang='lat' dir='ltr'><strong>non</strong></span> <span class='ocrx_word' id='word_1_13' title='bbox 214 649 302 745; x_wconf 90' lang='lat' dir='ltr'><strong>quia</strong></span> <span class='ocrx_word' id='word_1_14' title='bbox 327 673 405 739; x_wconf 91' lang='lat' dir='ltr'><strong>sua,</strong></span> <span class='ocrx_word' id='word_1_15' title='bbox 423 648 487 722; x_wconf 94' lang='lat' dir='ltr'><strong>sed</strong></span> <span class='ocrx_word' id='word_1_16' title='bbox 513 650 599 745; x_wconf 92' lang='lat' dir='ltr'><strong>quia</strong></span> <span class='ocrx_word' id='word_1_17' title='bbox 624 650 785 723; x_wconf 89' lang='lat' dir='ltr'><strong>civitatis</strong></span> <span class='ocrx_word' id='word_1_18' title='bbox 809 651 992 724; x_wconf 87' lang='lat' dir='ltr'><strong>sententia</strong></span> <span class='ocrx_word' id='word_1_19' title='bbox 1018 662 1098 735; x_wconf 91' lang='lat' dir='ltr'><strong>est;</strong></span> <span class='ocrx_word' id='word_1_20' title='bbox 1125 663 1162 724; x_wconf 92' lang='lat' dir='ltr'><strong>et</strong></span> <span class='ocrx_word' id='word_1_21' title='bbox 1204 661 1337 766; x_wconf 41' lang='grc' dir='ltr'>ὦ</span> 
     </span>
     <span class='ocr_line' id='line_1_4' title="bbox 121 762 1312 859; baseline 0 -23"><span class='ocrx_word' id='word_1_22' title='bbox 121 765 180 836; x_wconf 83' lang='lat' dir='ltr'><strong>lex</strong></span> <span class='ocrx_word' id='word_1_23' title='bbox 201 765 245 835; x_wconf 85' lang='lat' dir='ltr'><strong>fit</strong></span> <span class='ocrx_word' id='word_1_24' title='bbox 262 762 333 834; x_wconf 88' lang='lat' dir='ltr'><strong>illis</strong></span> <span class='ocrx_word' id='word_1_25' title='bbox 357 763 455 834; x_wconf 91' lang='lat' dir='ltr'><strong>inter</strong></span> <span class='ocrx_word' id='word_1_26' title='bbox 468 786 560 859; x_wconf 87' lang='lat' dir='ltr'><strong>quos</strong></span> <span class='ocrx_word' id='word_1_27' title='bbox 576 763 658 859; x_wconf 82' lang='lat' dir='ltr'><strong>lege</strong></span> <span class='ocrx_word' id='word_1_28' title='bbox 672 764 861 858; x_wconf 85' lang='lat' dir='ltr'>agebatur,</span> <span class='ocrx_word' id='word_1_29' title='bbox 879 787 954 836; x_wconf 91' lang='lat' dir='ltr'><strong>non</strong></span> <span class='ocrx_word' id='word_1_30' title='bbox 972 772 1095 836; x_wconf 92' lang='lat' dir='ltr'><strong>antem</strong></span> <span class='ocrx_word' id='word_1_31' title='bbox 1113 765 1163 836; x_wconf 92' lang='lat' dir='ltr'><strong>ci·</strong></span> <span class='ocrx_word' id='word_1_32' title='bbox 1205 776 1312 822; x_wconf 59' lang='lat' dir='ltr'><strong>civilibus</strong></span> 
     </span>
     <span class='ocr_line' id='line_1_5' title="bbox 124 876 442 949; baseline -0.003 -1"><span class='ocrx_word' id='word_1_33' title='bbox 124 876 233 949; x_wconf 86' lang='lat' dir='ltr'><strong>vibus</strong></span> <span class='ocrx_word' id='word_1_34' title='bbox 248 876 442 948; x_wconf 92' lang='lat' dir='ltr'><strong>universis.</strong></span> 
     </span>
    </p>

    <p class='ocr_par' dir='ltr' id='par_1_3' title="bbox 123 987 1172 4363">
     <span class='ocr_line' id='line_1_6' title="bbox 173 987 1147 1085; baseline -0.003 -22"><span class='ocrx_word' id='word_1_35' title='bbox 173 989 360 1064; x_wconf 76' lang='lat' dir='ltr'><strong>Quoniam</strong></span> <span class='ocrx_word' id='word_1_36' title='bbox 373 998 497 1061; x_wconf 89' lang='lat' dir='ltr'><strong>autem</strong></span> <span class='ocrx_word' id='word_1_37' title='bbox 510 987 624 1083; x_wconf 83' lang='lat' dir='ltr'><strong>judex</strong></span> <span class='ocrx_word' id='word_1_38' title='bbox 640 989 761 1061; x_wconf 89' lang='lat' dir='ltr'><strong>nullus</strong></span> <span class='ocrx_word' id='word_1_39' title='bbox 774 1000 844 1079; x_wconf 90' lang='lat' dir='ltr'><strong>est,</strong></span> <span class='ocrx_word' id='word_1_40' title='bbox 861 1012 979 1085; x_wconf 91' lang='lat' dir='ltr'><strong>neque</strong></span> <span class='ocrx_word' id='word_1_41' title='bbox 997 989 1147 1061; x_wconf 91' lang='lat' dir='ltr'><strong>subordi</strong></span> 
     </span>
     <span class='ocr_line' id='line_1_7' title="bbox 124 1101 1166 1198; baseline -0.004 -22"><span class='ocrx_word' id='word_1_42' title='bbox 124 1116 236 1176; x_wconf 90' lang='lat' dir='ltr'><strong>natus</strong></span> <span class='ocrx_word' id='word_1_43' title='bbox 257 1126 376 1198; x_wconf 92' lang='lat' dir='ltr'><strong>neque</strong></span> <span class='ocrx_word' id='word_1_44' title='bbox 393 1124 595 1197; x_wconf 82' lang='lat' dir='ltr'><strong>supremuS,</strong></span> <span class='ocrx_word' id='word_1_45' title='bbox 614 1101 677 1196; x_wconf 90' lang='lat' dir='ltr'><strong>qui</strong></span> <span class='ocrx_word' id='word_1_46' title='bbox 705 1101 889 1173; x_wconf 91' lang='lat' dir='ltr'><strong>interdum</strong></span> <span class='ocrx_word' id='word_1_47' title='bbox 914 1126 989 1174; x_wconf 92' lang='lat' dir='ltr'><strong>nou</strong></span> <span class='ocrx_word' id='word_1_48' title='bbox 1008 1110 1105 1173; x_wconf 87' lang='lat' dir='ltr'>erret</span> <span class='ocrx_word' id='word_1_49' title='bbox 1128 1111 1166 1174; x_wconf 91' lang='lat' dir='ltr'><strong>et</strong></span> 
     </span>
     <span class='ocr_line' id='line_1_8' title="bbox 123 1213 1165 1310; baseline -0.001 -22"><span class='ocrx_word' id='word_1_50' title='bbox 123 1217 288 1310; x_wconf 90' lang='lat' dir='ltr'><strong>iniquam</strong></span> <span class='ocrx_word' id='word_1_51' title='bbox 304 1214 522 1287; x_wconf 88' lang='lat' dir='ltr'><strong>sententiam</strong></span> <span class='ocrx_word' id='word_1_52' title='bbox 536 1213 655 1297; x_wconf 88' lang='lat' dir='ltr'><strong>ferat;</strong></span> <span class='ocrx_word' id='word_1_53' title='bbox 682 1213 791 1303; x_wconf 90' lang='lat' dir='ltr'><strong>idem,</strong></span> <span class='ocrx_word' id='word_1_54' title='bbox 810 1215 841 1286; x_wconf 89' lang='lat' dir='ltr'><strong>si</strong></span> <span class='ocrx_word' id='word_1_55' title='bbox 854 1227 983 1310; x_wconf 87' lang='lat' dir='ltr'><strong>postea</strong></span> <span class='ocrx_word' id='word_1_56' title='bbox 995 1215 1032 1287; x_wconf 94' lang='lat' dir='ltr'><strong>in</strong></span> <span class='ocrx_word' id='word_1_57' title='bbox 1048 1238 1165 1310; x_wconf 85' lang='lat' dir='ltr'><strong>quaes-</strong></span> 
     </span>
     <span class='ocr_line' id='line_1_9' title="bbox 123 1327 1166 1423; baseline -0.002 -22"><span class='ocrx_word' id='word_1_58' title='bbox 123 1329 226 1401; x_wconf 90' lang='lat' dir='ltr'><strong>tione</strong></span> <span class='ocrx_word' id='word_1_59' title='bbox 257 1327 366 1400; x_wconf 90' lang='lat' dir='ltr'><strong>simili</strong></span> <span class='ocrx_word' id='word_1_60' title='bbox 396 1350 555 1400; x_wconf 87' lang='lat' dir='ltr'><strong>errorem</strong></span> <span class='ocrx_word' id='word_1_61' title='bbox 584 1351 691 1399; x_wconf 92' lang='lat' dir='ltr'><strong>sunm</strong></span> <span class='ocrx_word' id='word_1_62' title='bbox 718 1340 928 1423; x_wconf 80' lang='lat' dir='ltr'><strong>cognoscat,</strong></span> <span class='ocrx_word' id='word_1_63' title='bbox 946 1327 1166 1400; x_wconf 89' lang='lat' dir='ltr'><strong>sententiam</strong></span> 
     </span>
     <span class='ocr_line' id='line_1_10' title="bbox 124 1440 1166 1536; baseline -0.002 -22"><span class='ocrx_word' id='word_1_64' title='bbox 124 1441 221 1514; x_wconf 86' lang='lat' dir='ltr'><strong>ferre</strong></span> <span class='ocrx_word' id='word_1_65' title='bbox 250 1441 449 1535; x_wconf 86' lang='lat' dir='ltr'><strong>aequiorem</strong></span> <span class='ocrx_word' id='word_1_66' title='bbox 475 1440 668 1536; x_wconf 86' lang='lat' dir='ltr'><strong>obligatur.</strong></span> <span class='ocrx_word' id='word_1_67' title='bbox 735 1440 830 1513; x_wconf 86' lang='lat' dir='ltr'><strong>Suus</strong></span> <span class='ocrx_word' id='word_1_68' title='bbox 857 1440 953 1513; x_wconf 91' lang='lat' dir='ltr'><strong>enim</strong></span> <span class='ocrx_word' id='word_1_69' title='bbox 981 1441 1048 1513; x_wconf 93' lang='lat' dir='ltr'><strong>sibi</strong></span> <span class='ocrx_word' id='word_1_70' title='bbox 1064 1464 1166 1513; x_wconf 91' lang='lat' dir='ltr'><strong>error</strong></span> 
     </span>
     <span class='ocr_line' id='line_1_11' title="bbox 125 1553 1165 1650; baseline -0.002 -23"><span class='ocrx_word' id='word_1_71' title='bbox 125 1555 185 1627; x_wconf 82' lang='lat' dir='ltr'><strong>lex</strong></span> <span class='ocrx_word' id='word_1_72' title='bbox 211 1578 287 1627; x_wconf 94' lang='lat' dir='ltr'><strong>non</strong></span> <span class='ocrx_word' id='word_1_73' title='bbox 314 1565 382 1642; x_wconf 90' lang='lat' dir='ltr'><strong>est,</strong></span> <span class='ocrx_word' id='word_1_74' title='bbox 413 1576 531 1648; x_wconf 88' lang='lat' dir='ltr'><strong>neque</strong></span> <span class='ocrx_word' id='word_1_75' title='bbox 557 1577 640 1625; x_wconf 90' lang='lat' dir='ltr'><strong>enm</strong></span> <span class='ocrx_word' id='word_1_76' title='bbox 658 1553 797 1650; x_wconf 84' lang='lat' dir='ltr'><strong>obligat</strong></span> <span class='ocrx_word' id='word_1_77' title='bbox 822 1553 869 1626; x_wconf 90' lang='lat' dir='ltr'><strong>ad</strong></span> <span class='ocrx_word' id='word_1_78' title='bbox 896 1553 1165 1650; x_wconf 89' lang='lat' dir='ltr'><strong>persistendum</strong></span> 
     </span>
     <span class='ocr_line' id='line_1_12' title="bbox 125 1665 1166 1762; baseline -0.002 -23"><span class='ocrx_word' id='word_1_79' title='bbox 125 1667 163 1739; x_wconf 93' lang='lat' dir='ltr'><strong>in</strong></span> <span class='ocrx_word' id='word_1_80' title='bbox 177 1667 374 1761; x_wconf 84' lang='lat' dir='ltr'><strong>iniquitate</strong></span> <span class='ocrx_word' id='word_1_81' title='bbox 387 1689 475 1738; x_wconf 90' lang='lat' dir='ltr'><strong>sna:</strong></span> <span class='ocrx_word' id='word_1_82' title='bbox 495 1665 610 1737; x_wconf 90' lang='lat' dir='ltr'><strong>multo</strong></span> <span class='ocrx_word' id='word_1_83' title='bbox 628 1665 747 1738; x_wconf 89' lang='lat' dir='ltr'><strong>minus</strong></span> <span class='ocrx_word' id='word_1_84' title='bbox 762 1667 904 1762; x_wconf 87' lang='lat' dir='ltr'><strong>judices</strong></span> <span class='ocrx_word' id='word_1_85' title='bbox 922 1667 1012 1740; x_wconf 86' lang='lat' dir='ltr'><strong>alios</strong></span> <span class='ocrx_word' id='word_1_86' title='bbox 1029 1667 1166 1762; x_wconf 84' lang='lat' dir='ltr'><strong>obliga·</strong></span> 
     </span>
     <span class='ocr_line' id='line_1_13' title="bbox 125 1779 1166 1875; baseline -0.001 -24"><span class='ocrx_word' id='word_1_87' title='bbox 125 1779 196 1851; x_wconf 93' lang='lat' dir='ltr'><strong>bit.</strong></span> <span class='ocrx_word' id='word_1_88' title='bbox 249 1780 470 1874; x_wconf 77' lang='lat' dir='ltr'><strong>Quanquam</strong></span> <span class='ocrx_word' id='word_1_89' title='bbox 488 1779 584 1851; x_wconf 92' lang='lat' dir='ltr'><strong>enim</strong></span> <span class='ocrx_word' id='word_1_90' title='bbox 610 1780 804 1869; x_wconf 89' lang='lat' dir='ltr'><strong>sententia,</strong></span> <span class='ocrx_word' id='word_1_91' title='bbox 823 1780 933 1852; x_wconf 92' lang='lat' dir='ltr'><strong>etiam</strong></span> <span class='ocrx_word' id='word_1_92' title='bbox 951 1780 1088 1875; x_wconf 90' lang='lat' dir='ltr'><strong>iniqua,</strong></span> <span class='ocrx_word' id='word_1_93' title='bbox 1100 1803 1166 1875; x_wconf 91' lang='lat' dir='ltr'><strong>per</strong></span> 
     </span>
     <span class='ocr_line' id='line_1_14' title="bbox 126 1892 1166 1989; baseline -0.001 -24"><span class='ocrx_word' id='word_1_94' title='bbox 126 1892 391 1965; x_wconf 83' lang='lat' dir='ltr'><strong>authoritatem</strong></span> <span class='ocrx_word' id='word_1_95' title='bbox 419 1916 597 1964; x_wconf 90' lang='lat' dir='ltr'><strong>summam</strong></span> <span class='ocrx_word' id='word_1_96' title='bbox 631 1892 742 1965; x_wconf 88' lang='lat' dir='ltr'><strong>tacite</strong></span> <span class='ocrx_word' id='word_1_97' title='bbox 773 1894 930 1988; x_wconf 91' lang='lat' dir='ltr'><strong>probata</strong></span> <span class='ocrx_word' id='word_1_98' title='bbox 952 1894 990 1965; x_wconf 92' lang='lat' dir='ltr'><strong>in</strong></span> <span class='ocrx_word' id='word_1_99' title='bbox 1023 1893 1166 1989; x_wconf 81' lang='lat' dir='ltr'><strong>legibus</strong></span> 
     </span>
     <span class='ocr_line' id='line_1_15' title="bbox 127 2005 1166 2102; baseline 0.001 -25"><span class='ocrx_word' id='word_1_100' title='bbox 127 2029 210 2101; x_wconf 86' lang='lat' dir='ltr'><strong>quae</strong></span> <span class='ocrx_word' id='word_1_101' title='bbox 224 2005 416 2078; x_wconf 89' lang='lat' dir='ltr'><strong>mutabiles</strong></span> <span class='ocrx_word' id='word_1_102' title='bbox 430 2016 528 2093; x_wconf 87' lang='lat' dir='ltr'><strong>sunt,</strong></span> <span class='ocrx_word' id='word_1_103' title='bbox 541 2005 657 2078; x_wconf 91' lang='lat' dir='ltr'><strong>instar</strong></span> <span class='ocrx_word' id='word_1_104' title='bbox 668 2030 774 2078; x_wconf 90' lang='lat' dir='ltr'><strong>novae</strong></span> <span class='ocrx_word' id='word_1_105' title='bbox 787 2005 878 2102; x_wconf 85' lang='lat' dir='ltr'><strong>legis</strong></span> <span class='ocrx_word' id='word_1_106' title='bbox 892 2008 957 2090; x_wconf 92' lang='lat' dir='ltr'><strong>sit;</strong></span> <span class='ocrx_word' id='word_1_107' title='bbox 973 2007 1012 2079; x_wconf 89' lang='lat' dir='ltr'><strong>in</strong></span> <span class='ocrx_word' id='word_1_108' title='bbox 1022 2006 1166 2102; x_wconf 85' lang='lat' dir='ltr'><strong>legibus</strong></span> 
     </span>
     <span class='ocr_line' id='line_1_16' title="bbox 125 2118 1165 2215; baseline 0 -25"><span class='ocrx_word' id='word_1_109' title='bbox 125 2128 250 2191; x_wconf 86' lang='lat' dir='ltr'><strong>tamen</strong></span> <span class='ocrx_word' id='word_1_110' title='bbox 282 2118 582 2206; x_wconf 67' lang='lat' dir='ltr'><strong>immutabilibus</strong></span> <span class='ocrx_word' id='word_1_111' title='bbox 610 2118 734 2213; x_wconf 89' lang='lat' dir='ltr'><strong>quales</strong></span> <span class='ocrx_word' id='word_1_112' title='bbox 752 2131 836 2191; x_wconf 91' lang='lat' dir='ltr'><strong>suut</strong></span> <span class='ocrx_word' id='word_1_113' title='bbox 853 2119 951 2215; x_wconf 85' lang='lat' dir='ltr'><strong>leges</strong></span> <span class='ocrx_word' id='word_1_114' title='bbox 969 2119 1165 2208; x_wconf 67' lang='lat' dir='ltr'><strong>naturales</strong></span> 
     </span>
     <span class='ocr_line' id='line_1_17' title="bbox 126 2229 1164 2328; baseline 0 -24"><span class='ocrx_word' id='word_1_115' title='bbox 126 2232 285 2304; x_wconf 88' lang='lat' dir='ltr'><strong>transire</strong></span> <span class='ocrx_word' id='word_1_116' title='bbox 302 2230 339 2302; x_wconf 94' lang='lat' dir='ltr'><strong>in</strong></span> <span class='ocrx_word' id='word_1_117' title='bbox 358 2229 476 2326; x_wconf 86' lang='lat' dir='ltr'><strong>legem</strong></span> <span class='ocrx_word' id='word_1_118' title='bbox 493 2255 568 2303; x_wconf 92' lang='lat' dir='ltr'><strong>non</strong></span> <span class='ocrx_word' id='word_1_119' title='bbox 583 2242 717 2326; x_wconf 89' lang='lat' dir='ltr'><strong>potest,</strong></span> <span class='ocrx_word' id='word_1_120' title='bbox 734 2243 776 2304; x_wconf 91' lang='lat' dir='ltr'><strong>ut</strong></span> <span class='ocrx_word' id='word_1_121' title='bbox 794 2231 932 2328; x_wconf 84' lang='lat' dir='ltr'><strong>obliget</strong></span> <span class='ocrx_word' id='word_1_122' title='bbox 950 2233 997 2305; x_wconf 90' lang='lat' dir='ltr'><strong>ad</strong></span> <span class='ocrx_word' id='word_1_123' title='bbox 1010 2231 1164 2304; x_wconf 89' lang='lat' dir='ltr'><strong>similem</strong></span> 
     </span>
     <span class='ocr_line' id='line_1_18' title="bbox 127 2341 1163 2439; baseline -0.002 -23"><span class='ocrx_word' id='word_1_124' title='bbox 127 2343 350 2416; x_wconf 87' lang='lat' dir='ltr'><strong>sententiam</strong></span> <span class='ocrx_word' id='word_1_125' title='bbox 364 2366 506 2437; x_wconf 88' lang='lat' dir='ltr'><strong>semper</strong></span> <span class='ocrx_word' id='word_1_126' title='bbox 523 2341 710 2414; x_wconf 85' lang='lat' dir='ltr'><strong>ferendam</strong></span> <span class='ocrx_word' id='word_1_127' title='bbox 729 2343 887 2417; x_wconf 92' lang='lat' dir='ltr'><strong>eundem</strong></span> <span class='ocrx_word' id='word_1_128' title='bbox 905 2357 970 2416; x_wconf 88' lang='lat' dir='ltr'><strong>aut</strong></span> <span class='ocrx_word' id='word_1_129' title='bbox 987 2343 1098 2416; x_wconf 89' lang='lat' dir='ltr'><strong>alium</strong></span> <span class='ocrx_word' id='word_1_130' title='bbox 1106 2345 1163 2439; x_wconf 90' lang='lat' dir='ltr'><strong>ju-</strong></span> 
     </span>
     <span class='ocr_line' id='line_1_19' title="bbox 128 2454 1167 2550; baseline 0.001 -22"><span class='ocrx_word' id='word_1_131' title='bbox 128 2455 260 2528; x_wconf 86' lang='lat' dir='ltr'><strong>dicem.</strong></span> <span class='ocrx_word' id='word_1_132' title='bbox 313 2455 429 2550; x_wconf 83' lang='lat' dir='ltr'><strong>Leges</strong></span> <span class='ocrx_word' id='word_1_133' title='bbox 447 2454 570 2526; x_wconf 88' lang='lat' dir='ltr'><strong>civiles</strong></span> <span class='ocrx_word' id='word_1_134' title='bbox 588 2464 626 2527; x_wconf 95' lang='lat' dir='ltr'><strong>et</strong></span> <span class='ocrx_word' id='word_1_135' title='bbox 643 2454 764 2527; x_wconf 91' lang='lat' dir='ltr'><strong>civilia</strong></span> <span class='ocrx_word' id='word_1_136' title='bbox 780 2457 903 2529; x_wconf 92' lang='lat' dir='ltr'><strong>omnia</strong></span> <span class='ocrx_word' id='word_1_137' title='bbox 920 2469 1111 2529; x_wconf 89' lang='lat' dir='ltr'><strong>transeunt</strong></span> <span class='ocrx_word' id='word_1_138' title='bbox 1129 2469 1167 2529; x_wconf 93' lang='lat' dir='ltr'><strong>et</strong></span> 
     </span>
     <span class='ocr_line' id='line_1_20' title="bbox 127 2566 1164 2664; baseline -0.002 -22"><span class='ocrx_word' id='word_1_139' title='bbox 127 2580 345 2651; x_wconf 91' lang='lat' dir='ltr'><strong>mutantur;</strong></span> <span class='ocrx_word' id='word_1_140' title='bbox 381 2566 445 2640; x_wconf 90' lang='lat' dir='ltr'><strong>sed</strong></span> <span class='ocrx_word' id='word_1_141' title='bbox 462 2566 561 2661; x_wconf 83' lang='lat' dir='ltr'><strong>leges</strong></span> <span class='ocrx_word' id='word_1_142' title='bbox 584 2567 781 2658; x_wconf 88' lang='lat' dir='ltr'><strong>naturales,</strong></span> <span class='ocrx_word' id='word_1_143' title='bbox 809 2593 891 2642; x_wconf 90' lang='lat' dir='ltr'><strong>cum</strong></span> <span class='ocrx_word' id='word_1_144' title='bbox 920 2571 994 2643; x_wconf 88' lang='lat' dir='ltr'><strong>sint</strong></span> <span class='ocrx_word' id='word_1_145' title='bbox 1022 2569 1164 2664; x_wconf 74' lang='lat' dir='ltr'><strong>divina,</strong></span> 
     </span>
     <span class='ocr_line' id='line_1_21' title="bbox 129 2681 1166 2779; baseline -0.001 -23"><span class='ocrx_word' id='word_1_146' title='bbox 129 2683 288 2756; x_wconf 89' lang='lat' dir='ltr'><strong>transire</strong></span> <span class='ocrx_word' id='word_1_147' title='bbox 306 2693 371 2752; x_wconf 91' lang='lat' dir='ltr'><strong>aut</strong></span> <span class='ocrx_word' id='word_1_148' title='bbox 393 2681 528 2752; x_wconf 91' lang='lat' dir='ltr'><strong>mutari</strong></span> <span class='ocrx_word' id='word_1_149' title='bbox 539 2705 612 2753; x_wconf 92' lang='lat' dir='ltr'><strong>uon</strong></span> <span class='ocrx_word' id='word_1_150' title='bbox 631 2694 795 2776; x_wconf 89' lang='lat' dir='ltr'><strong>possunt.</strong></span> <span class='ocrx_word' id='word_1_151' title='bbox 850 2683 893 2755; x_wconf 93' lang='lat' dir='ltr'><strong>In</strong></span> <span class='ocrx_word' id='word_1_152' title='bbox 912 2684 1061 2779; x_wconf 89' lang='lat' dir='ltr'><strong>judiciis</strong></span> <span class='ocrx_word' id='word_1_153' title='bbox 1079 2707 1166 2779; x_wconf 86' lang='lat' dir='ltr'><strong>ergo</strong></span> 
     </span>
     <span class='ocr_line' id='line_1_22' title="bbox 127 2793 1167 2892; baseline 0.003 -25"><span class='ocrx_word' id='word_1_154' title='bbox 127 2793 343 2892; x_wconf 86' lang='lat' dir='ltr'><strong>praejudicia</strong></span> <span class='ocrx_word' id='word_1_155' title='bbox 367 2793 488 2866; x_wconf 86' lang='lat' dir='ltr'><strong>valere</strong></span> <span class='ocrx_word' id='word_1_156' title='bbox 514 2818 589 2866; x_wconf 92' lang='lat' dir='ltr'><strong>nou</strong></span> <span class='ocrx_word' id='word_1_157' title='bbox 625 2794 770 2886; x_wconf 90' lang='lat' dir='ltr'><strong>debent,</strong></span> <span class='ocrx_word' id='word_1_158' title='bbox 802 2820 921 2892; x_wconf 89' lang='lat' dir='ltr'><strong>neque</strong></span> <span class='ocrx_word' id='word_1_159' title='bbox 949 2797 1167 2870; x_wconf 89' lang='lat' dir='ltr'><strong>sententiam</strong></span> 
     </span>
     <span class='ocr_line' id='line_1_23' title="bbox 129 2908 1167 3007; baseline 0.003 -26"><span class='ocrx_word' id='word_1_160' title='bbox 129 2908 294 3004; x_wconf 91' lang='lat' dir='ltr'><strong>iniquam</strong></span> <span class='ocrx_word' id='word_1_161' title='bbox 314 2929 488 2978; x_wconf 84' lang='lat' dir='ltr'><strong>excusare</strong></span> <span class='ocrx_word' id='word_1_162' title='bbox 505 2919 670 3001; x_wconf 87' lang='lat' dir='ltr'><strong>possunt.</strong></span> <span class='ocrx_word' id='word_1_163' title='bbox 722 2908 929 3004; x_wconf 89' lang='lat' dir='ltr'><strong>Unicuique</strong></span> <span class='ocrx_word' id='word_1_164' title='bbox 948 2936 1036 3007; x_wconf 82' lang='lat' dir='ltr'><strong>ergo</strong></span> <span class='ocrx_word' id='word_1_165' title='bbox 1051 2911 1167 3007; x_wconf 86' lang='lat' dir='ltr'><strong>judici</strong></span> 
     </span>
     <span class='ocr_line' id='line_1_24' title="bbox 128 3019 1168 3120; baseline 0.001 -25"><span class='ocrx_word' id='word_1_166' title='bbox 128 3020 322 3108; x_wconf 86' lang='lat' dir='ltr'><strong>incumbit,</strong></span> <span class='ocrx_word' id='word_1_167' title='bbox 348 3031 391 3091; x_wconf 93' lang='lat' dir='ltr'><strong>ut</strong></span> <span class='ocrx_word' id='word_1_168' title='bbox 417 3019 637 3092; x_wconf 88' lang='lat' dir='ltr'><strong>sententiam</strong></span> <span class='ocrx_word' id='word_1_169' title='bbox 663 3019 758 3094; x_wconf 85' lang='lat' dir='ltr'><strong>ferat</strong></span> <span class='ocrx_word' id='word_1_170' title='bbox 783 3047 829 3095; x_wconf 85' lang='lat' dir='ltr'><strong>ex</strong></span> <span class='ocrx_word' id='word_1_171' title='bbox 855 3046 920 3096; x_wconf 92' lang='lat' dir='ltr'><strong>sua</strong></span> <span class='ocrx_word' id='word_1_172' title='bbox 947 3024 1060 3120; x_wconf 92' lang='lat' dir='ltr'><strong>ipsius</strong></span> <span class='ocrx_word' id='word_1_173' title='bbox 1080 3049 1168 3097; x_wconf 89' lang='lat' dir='ltr'><strong>con-</strong></span> 
     </span>
     <span class='ocr_line' id='line_1_25' title="bbox 129 3132 1170 3234; baseline 0.003 -27"><span class='ocrx_word' id='word_1_174' title='bbox 129 3135 284 3208; x_wconf 87' lang='lat' dir='ltr'><strong>scientia</strong></span> <span class='ocrx_word' id='word_1_175' title='bbox 301 3144 339 3204; x_wconf 91' lang='lat' dir='ltr'><strong>et</strong></span> <span class='ocrx_word' id='word_1_176' title='bbox 356 3132 497 3204; x_wconf 88' lang='lat' dir='ltr'><strong>ratione</strong></span> <span class='ocrx_word' id='word_1_177' title='bbox 507 3134 677 3222; x_wconf 89' lang='lat' dir='ltr'><strong>naturali,</strong></span> <span class='ocrx_word' id='word_1_178' title='bbox 688 3135 891 3232; x_wconf 89' lang='lat' dir='ltr'><strong>peritiaque</strong></span> <span class='ocrx_word' id='word_1_179' title='bbox 904 3137 1055 3234; x_wconf 87' lang='lat' dir='ltr'><strong>propria</strong></span> <span class='ocrx_word' id='word_1_180' title='bbox 1072 3139 1170 3210; x_wconf 91' lang='lat' dir='ltr'><strong>circa</strong></span> 
     </span>
     <span class='ocr_line' id='line_1_26' title="bbox 131 3246 1169 3346; baseline 0.003 -26"><span class='ocrx_word' id='word_1_181' title='bbox 131 3271 276 3344; x_wconf 87' lang='lat' dir='ltr'><strong>aequnm</strong></span> <span class='ocrx_word' id='word_1_182' title='bbox 296 3257 333 3317; x_wconf 90' lang='lat' dir='ltr'><strong>et</strong></span> <span class='ocrx_word' id='word_1_183' title='bbox 349 3246 499 3332; x_wconf 92' lang='lat' dir='ltr'><strong>bonum,</strong></span> <span class='ocrx_word' id='word_1_184' title='bbox 518 3269 586 3318; x_wconf 91' lang='lat' dir='ltr'><strong>nec</strong></span> <span class='ocrx_word' id='word_1_185' title='bbox 601 3271 624 3318; x_wconf 89' lang='lat' dir='ltr'><strong>a</strong></span> <span class='ocrx_word' id='word_1_186' title='bbox 640 3246 860 3342; x_wconf 89' lang='lat' dir='ltr'><strong>praejudiciis</strong></span> <span class='ocrx_word' id='word_1_187' title='bbox 883 3250 1049 3344; x_wconf 88' lang='lat' dir='ltr'><strong>judicum</strong></span> <span class='ocrx_word' id='word_1_188' title='bbox 1075 3275 1169 3346; x_wconf 91' lang='lat' dir='ltr'><strong>prae-</strong></span> 
     </span>
     <span class='ocr_line' id='line_1_27' title="bbox 131 3358 1170 3457; baseline -0.001 -23"><span class='ocrx_word' id='word_1_189' title='bbox 131 3360 352 3434; x_wconf 89' lang='lat' dir='ltr'><strong>cedentium.</strong></span> <span class='ocrx_word' id='word_1_190' title='bbox 391 3358 560 3455; x_wconf 84' lang='lat' dir='ltr'><strong>Exempli</strong></span> <span class='ocrx_word' id='word_1_191' title='bbox 571 3383 691 3446; x_wconf 87' lang='lat' dir='ltr'><strong>causa,</strong></span> <span class='ocrx_word' id='word_1_192' title='bbox 696 3361 829 3457; x_wconf 76' lang='lat' dir='ltr'><strong>preniri</strong></span> <span class='ocrx_word' id='word_1_193' title='bbox 847 3362 1072 3435; x_wconf 82' lang='lat' dir='ltr'><strong>innocentem</strong></span> <span class='ocrx_word' id='word_1_194' title='bbox 1084 3386 1170 3435; x_wconf 92' lang='lat' dir='ltr'><strong>cou-</strong></span> 
     </span>
     <span class='ocr_line' id='line_1_28' title="bbox 132 3472 1170 3572; baseline 0.002 -26"><span class='ocrx_word' id='word_1_195' title='bbox 132 3486 193 3546; x_wconf 90' lang='lat' dir='ltr'><strong>tra</strong></span> <span class='ocrx_word' id='word_1_196' title='bbox 207 3472 326 3568; x_wconf 89' lang='lat' dir='ltr'><strong>legem</strong></span> <span class='ocrx_word' id='word_1_197' title='bbox 344 3483 486 3544; x_wconf 88' lang='lat' dir='ltr'><strong>naturae</strong></span> <span class='ocrx_word' id='word_1_198' title='bbox 503 3485 570 3545; x_wconf 91' lang='lat' dir='ltr'><strong>est.</strong></span> <span class='ocrx_word' id='word_1_199' title='bbox 614 3473 796 3546; x_wconf 89' lang='lat' dir='ltr'><strong>Innocens</strong></span> <span class='ocrx_word' id='word_1_200' title='bbox 814 3488 937 3547; x_wconf 88' lang='lat' dir='ltr'><strong>antem</strong></span> <span class='ocrx_word' id='word_1_201' title='bbox 956 3488 1023 3563; x_wconf 90' lang='lat' dir='ltr'><strong>est,</strong></span> <span class='ocrx_word' id='word_1_202' title='bbox 1036 3476 1098 3572; x_wconf 91' lang='lat' dir='ltr'><strong>qui</strong></span> <span class='ocrx_word' id='word_1_203' title='bbox 1110 3500 1170 3548; x_wconf 92' lang='lat' dir='ltr'><strong>co-</strong></span> 
     </span>
     <span class='ocr_line' id='line_1_29' title="bbox 132 3584 1170 3682; baseline 0 -22"><span class='ocrx_word' id='word_1_204' title='bbox 132 3611 212 3660; x_wconf 91' lang='lat' dir='ltr'><strong>ram</strong></span> <span class='ocrx_word' id='word_1_205' title='bbox 218 3586 341 3682; x_wconf 89' lang='lat' dir='ltr'><strong>judice</strong></span> <span class='ocrx_word' id='word_1_206' title='bbox 352 3584 540 3658; x_wconf 89' lang='lat' dir='ltr'><strong>absolutus</strong></span> <span class='ocrx_word' id='word_1_207' title='bbox 551 3598 615 3658; x_wconf 89' lang='lat' dir='ltr'><strong>est.</strong></span> <span class='ocrx_word' id='word_1_208' title='bbox 635 3586 839 3659; x_wconf 87' lang='lat' dir='ltr'><strong>Accusatur</strong></span> <span class='ocrx_word' id='word_1_209' title='bbox 849 3588 996 3682; x_wconf 87' lang='lat' dir='ltr'><strong>quidam</strong></span> <span class='ocrx_word' id='word_1_210' title='bbox 1008 3589 1170 3661; x_wconf 90' lang='lat' dir='ltr'><strong>criminis</strong></span> 
     </span>
     <span class='ocr_line' id='line_1_30' title="bbox 133 3699 1170 3797; baseline -0.001 -24"><span class='ocrx_word' id='word_1_211' title='bbox 133 3699 310 3796; x_wconf 81' lang='lat' dir='ltr'><strong>capitalia,</strong></span> <span class='ocrx_word' id='word_1_212' title='bbox 330 3699 393 3794; x_wconf 92' lang='lat' dir='ltr'><strong>qui</strong></span> <span class='ocrx_word' id='word_1_213' title='bbox 412 3699 642 3772; x_wconf 91' lang='lat' dir='ltr'><strong>inimicorum</strong></span> <span class='ocrx_word' id='word_1_214' title='bbox 661 3723 809 3773; x_wconf 88' lang='lat' dir='ltr'><strong>suornm</strong></span> <span class='ocrx_word' id='word_1_215' title='bbox 826 3701 993 3797; x_wconf 91' lang='lat' dir='ltr'><strong>potentia</strong></span> <span class='ocrx_word' id='word_1_216' title='bbox 1011 3714 1048 3774; x_wconf 87' lang='lat' dir='ltr'><strong>et</strong></span> <span class='ocrx_word' id='word_1_217' title='bbox 1066 3701 1170 3773; x_wconf 85' lang='lat' dir='ltr'><strong>mali-</strong></span> 
     </span>
     <span class='ocr_line' id='line_1_31' title="bbox 132 3811 1170 3911; baseline 0.002 -26"><span class='ocrx_word' id='word_1_218' title='bbox 132 3814 186 3885; x_wconf 86' lang='lat' dir='ltr'><strong>tia</strong></span> <span class='ocrx_word' id='word_1_219' title='bbox 211 3811 449 3908; x_wconf 89' lang='lat' dir='ltr'><strong>judicumque</strong></span> <span class='ocrx_word' id='word_1_220' title='bbox 476 3812 667 3908; x_wconf 89' lang='lat' dir='ltr'><strong>iniquitate</strong></span> <span class='ocrx_word' id='word_1_221' title='bbox 693 3814 800 3886; x_wconf 89' lang='lat' dir='ltr'><strong>solita</strong></span> <span class='ocrx_word' id='word_1_222' title='bbox 817 3816 984 3911; x_wconf 82' lang='lat' dir='ltr'><strong>cognitis,</strong></span> <span class='ocrx_word' id='word_1_223' title='bbox 1004 3827 1170 3887; x_wconf 87' lang='lat' dir='ltr'><strong>metuens</strong></span> 
     </span>
     <span class='ocr_line' id='line_1_32' title="bbox 132 3925 1172 4020; baseline 0.002 -21"><span class='ocrx_word' id='word_1_224' title='bbox 132 3951 181 3999; x_wconf 87' lang='lat' dir='ltr'><strong>ne</strong></span> <span class='ocrx_word' id='word_1_225' title='bbox 209 3925 528 4014; x_wconf 88' lang='lat' dir='ltr'><strong>condemnaretur,</strong></span> <span class='ocrx_word' id='word_1_226' title='bbox 557 3926 723 4020; x_wconf 82' lang='lat' dir='ltr'><strong>aufugit;</strong></span> <span class='ocrx_word' id='word_1_227' title='bbox 751 3929 898 4001; x_wconf 89' lang='lat' dir='ltr'><strong>tandem</strong></span> <span class='ocrx_word' id='word_1_228' title='bbox 925 3940 1105 4001; x_wconf 91' lang='lat' dir='ltr'><strong>retractus</strong></span> <span class='ocrx_word' id='word_1_229' title='bbox 1124 3927 1172 4001; x_wconf 91' lang='lat' dir='ltr'><strong>ad</strong></span> 
     </span>
     <span class='ocr_line' id='line_1_33' title="bbox 133 4038 1170 4124; baseline 0 -13"><span class='ocrx_word' id='word_1_230' title='bbox 133 4038 316 4111; x_wconf 85' lang='lat' dir='ltr'><strong>tribunale</strong></span> <span class='ocrx_word' id='word_1_231' title='bbox 345 4039 487 4111; x_wconf 89' lang='lat' dir='ltr'><strong>sistitur</strong></span> <span class='ocrx_word' id='word_1_232' title='bbox 515 4063 623 4123; x_wconf 89' lang='lat' dir='ltr'><strong>reus;</strong></span> <span class='ocrx_word' id='word_1_233' title='bbox 659 4064 806 4112; x_wconf 85' lang='lat' dir='ltr'><strong>causam</strong></span> <span class='ocrx_word' id='word_1_234' title='bbox 834 4043 946 4124; x_wconf 85' lang='lat' dir='ltr'><strong>dicit;</strong></span> <span class='ocrx_word' id='word_1_235' title='bbox 981 4042 1170 4114; x_wconf 84' lang='lat' dir='ltr'><strong>absolutus</strong></span> 
     </span>
     <span class='ocr_line' id='line_1_34' title="bbox 134 4151 1172 4246; baseline 0.004 -24"><span class='ocrx_word' id='word_1_236' title='bbox 134 4161 204 4223; x_wconf 89' lang='lat' dir='ltr'><strong>est.</strong></span> <span class='ocrx_word' id='word_1_237' title='bbox 231 4151 415 4224; x_wconf 87' lang='lat' dir='ltr'><strong>Caeterum</strong></span> <span class='ocrx_word' id='word_1_238' title='bbox 434 4151 606 4246; x_wconf 89' lang='lat' dir='ltr'><strong>quoniam</strong></span> <span class='ocrx_word' id='word_1_239' title='bbox 632 4153 839 4226; x_wconf 86' lang='lat' dir='ltr'><strong>obtinuerat</strong></span> <span class='ocrx_word' id='word_1_240' title='bbox 864 4156 902 4226; x_wconf 91' lang='lat' dir='ltr'><strong>in</strong></span> <span class='ocrx_word' id='word_1_241' title='bbox 920 4155 1065 4226; x_wconf 79' lang='lat' dir='ltr'><strong>civitate</strong></span> <span class='ocrx_word' id='word_1_242' title='bbox 1084 4180 1172 4226; x_wconf 86' lang='lat' dir='ltr'><strong>con-</strong></span> 
     </span>
     <span class='ocr_line' id='line_1_35' title="bbox 137 4263 1171 4363; baseline 0.005 -28"><span class='ocrx_word' id='word_1_243' title='bbox 137 4263 292 4336; x_wconf 88' lang='lat' dir='ltr'><strong>suetudo</strong></span> <span class='ocrx_word' id='word_1_244' title='bbox 311 4287 355 4335; x_wconf 82' lang='lat' dir='ltr'><strong>ex</strong></span> <span class='ocrx_word' id='word_1_245' title='bbox 374 4264 498 4337; x_wconf 90' lang='lat' dir='ltr'><strong>multis</strong></span> <span class='ocrx_word' id='word_1_246' title='bbox 516 4266 737 4361; x_wconf 85' lang='lat' dir='ltr'><strong>praejudiciis</strong></span> <span class='ocrx_word' id='word_1_247' title='bbox 764 4266 1051 4363; x_wconf 80' lang='lat' dir='ltr'><strong>praecedentium</strong></span> <span class='ocrx_word' id='word_1_248' title='bbox 1073 4268 1171 4363; x_wconf 86' lang='lat' dir='ltr'><strong>jndi-</strong></span> 
     </span>
    </p>
   </div>
   <div class='ocr_carea' id='block_1_3' title="bbox 138 4377 1171 4476">
    <p class='ocr_par' dir='ltr' id='par_1_4' title="bbox 138 4377 1171 4476">
     <span class='ocr_line' id='line_1_36' title="bbox 138 4377 1171 4476; baseline 0.003 -27"><span class='ocrx_word' id='word_1_249' title='bbox 138 4402 234 4467; x_wconf 89' lang='lat' dir='ltr'><strong>cum,</strong></span> <span class='ocrx_word' id='word_1_250' title='bbox 261 4390 302 4450; x_wconf 88' lang='lat' dir='ltr'><strong>ut</strong></span> <span class='ocrx_word' id='word_1_251' title='bbox 329 4377 391 4472; x_wconf 92' lang='lat' dir='ltr'><strong>qui</strong></span> <span class='ocrx_word' id='word_1_252' title='bbox 421 4378 567 4473; x_wconf 82' lang='lat' dir='ltr'><strong>fugerit,</strong></span> <span class='ocrx_word' id='word_1_253' title='bbox 595 4404 802 4475; x_wconf 85' lang='lat' dir='ltr'><strong>quanquam</strong></span> <span class='ocrx_word' id='word_1_254' title='bbox 830 4393 958 4476; x_wconf 85' lang='lat' dir='ltr'><strong>postca</strong></span> <span class='ocrx_word' id='word_1_255' title='bbox 985 4382 1171 4454; x_wconf 81' lang='lat' dir='ltr'><strong>absolutus</strong></span> 
     </span>
    </p>
   </div>
   <div class='ocr_carea' id='block_1_4' title="bbox 0 0 1483 4980">
    <p class='ocr_par' dir='ltr' id='par_1_5' title="bbox 0 0 1483 4980">
     <span class='ocr_line' id='line_1_37' title="bbox 0 0 1483 4980; baseline 0 0"><span class='ocrx_word' id='word_1_256' title='bbox 0 0 1483 4980; x_wconf 95' lang='lat' dir='ltr'><strong> </strong></span> 
     </span>
    </p>
   </div>
  </div>
 </body>
</html>
