2926 4980
335 358 379 424 18
722 370 777 424 nn
796 372 979 424 nomme.

145 571 223 624 cap,
239 573 292 623 111,
330 539 513 636 percurrit
535 537 658 612 animo
684 539 931 635 alphabetum,
954 547 997 611 ut
1019 538 1198 635 syllabam
1222 539 1370 611 finalem

146 654 303 739 ψ,
330 653 494 727 iuveniat
509 652 793 748 homophonam.

116 725 320 850 3222er
382 767 484 841 Scire
507 766 587 863 quis
610 767 712 862 cupit
735 766 890 839 actionis
908 764 1060 863 alicujus
1078 764 1243 837 futurum
1261 789 1370 837 even-

118 860 239 900 ”⁸''⁰¹¹¹¹¹”'
330 881 434 953 tum?
488 879 638 975 Cogitat
654 879 715 952 ille
731 879 929 975 praeteritae
943 877 1096 951 actionis
1114 877 1249 950 similes
1262 902 1371 949 even-

328 1005 401 1083 tus,
432 992 560 1067 ordine
588 1017 661 1090 quo
692 993 774 1067 illos
805 1005 891 1065 ante
920 993 1085 1075 viderat3
1123 992 1208 1086 quia
1236 992 1391 1064 similes¹

329 1107 491 1182 actiones
512 1106 647 1179 similes
672 1117 824 1179 eventus
851 1105 1066 1202 plerumque
1084 1119 1370 1199 consequuntur.

330 1222 383 1295 Ut
401 1221 464 1318 qui
482 1220 575 1292 scire
592 1219 671 1291 vult
695 1219 784 1315 quid
805 1243 869 1291 reo
896 1219 1058 1291 criminis
1077 1218 1244 1315 capitalis
1262 1242 1371 1291 even-

328 1344 454 1408 turum
468 1345 535 1423 est,
550 1333 797 1407 reminiscitur
815 1357 858 1405 ea
875 1357 958 1430 quae
976 1343 1174 1406 consecuta
1187 1343 1272 1404 suut
1284 1343 1371 1404 aute

329 1448 471 1544 inpari
496 1448 661 1537 crimine,
678 1447 744 1520 tali
769 1447 897 1520 ordine
923 1447 1201 1542 cogitationum,
1218 1446 1370 1535 crimen,

329 1561 508 1650 minister,
543 1584 680 1648 carcer,
712 1560 838 1656 juder,
872 1560 1090 1656 patibulum.
1143 1560 1264 1632 Genus
1298 1559 1370 1632 hoc

329 1674 598 1771 cogitationum
625 1673 803 1770 previsio
839 1672 984 1761 dicitur,
1015 1684 1054 1745 et
1080 1672 1302 1771 prudentia,
1332 1685 1372 1745 et

324 1787 581 1885 procidentia,
609 1797 646 1859 et
672 1784 892 1882 quandoque
915 1785 1134 1881 septenam
1162 1808 1371 1881 quanquam

329 1903 545 1997 conjectura
558 1912 704 1974 tantum
721 1900 780 1988 sit,
796 1909 844 1987 et,
862 1911 1014 1995 propter
1031 1898 1282 1971 difficultatem
1299 1898 1371 1970 cir-

328 2015 570 2088 cumstantias
594 2037 720 2086 omnes
746 2011 978 2102 observandi,
996 2011 1084 2084 satis
1109 2010 1233 2084 fallax.
1285 2012 1370 2085 Hoc

327 2139 452 2202 tamen
485 2126 637 2199 dubium
667 2149 742 2198 non
772 2137 839 2215 est,
870 2124 970 2221 quin,
1001 2136 1139 2220 quanto
1174 2124 1266 2196 alins
1297 2125 1370 2198 alio

328 2243 503 2338 majorem
525 2240 638 2312 hahet
660 2263 783 2311 rerum
799 2237 1071 2335 praeteritarum
1094 2236 1369 2332 experientiam,

326 2365 432 2429 tanto
462 2353 579 2449 magis
608 2353 658 2425 sit
685 2351 859 2448 prudeus,
884 2364 922 2423 et
947 2350 993 2423 ab
1022 2349 1278 2445 expectatione
1304 2376 1370 2424 sua

326 2469 445 2541 rarius
466 2467 682 2564 decipiatur.
733 2463 946 2537 Prceseate'a
972 2474 1116 2537 tantum
1143 2464 1306 2536 existunt
1331 2465 1369 2536 in

327 2605 450 2655 rerum
481 2593 634 2663 natura3
662 2577 869 2677 preterito
898 2576 939 2649 in
968 2577 1147 2650 memoria
1174 2578 1273 2661 sola3
1305 2578 1370 2650 sed

311 2694 460 2789 futura
486 2695 636 2768 omnino
661 2716 737 2766 non
764 2691 937 2780 existunt,
965 2704 1007 2764 ut
1037 2715 1118 2787 quae
1147 2691 1239 2764 nihil
1270 2692 1370 2764 aliud
1383 2687 1405 2781 l,

325 2818 423 2896 sunt,
436 2821 573 2904 praeter
585 2808 764 2904 figmenta
781 2804 905 2893 animi,
920 2803 1201 2899 consequentias
1215 2805 1370 2877 actionis

325 2921 524 3016 praeteritae
541 2921 588 3010 ad
606 2919 791 2993 actionem
811 2927 1039 3015 prementem
1064 2916 1304 3013 applicantis;
1332 2919 1370 2992 id

326 3033 426 3128 quod
449 3034 493 3105 fit
516 3033 675 3105 maxima
698 3030 919 3104 certitudine
943 3032 989 3103 ab
1014 3055 1070 3117 eo,
1088 3031 1192 3125 cujus
1210 3031 1370 3105 maxima

326 3156 383 3218 est
407 3145 645 3241 experientia,
665 3167 875 3240 quanquam
899 3142 1120 3216 certitudine
1147 3165 1221 3214 non
1246 3143 1367 3237 plena.

326 3258 406 3332 Etsi
424 3269 559 3348 autem,
579 3258 723 3356 quoties
750 3256 997 3352 expectationi
1018 3255 1241 3351 respondent
1259 3279 1368 3329 even-

326 3383 397 3463 tus,
414 3383 567 3446 vocetur
576 3370 813 3471 praeteream
838 3393 967 3443 revera
981 3381 1107 3471 tamen
1118 3371 1368 3467 praesumptio

325 3498 471 3559 tantum
485 3497 552 3559 est.
605 3483 775 3558 Praevisio
792 3484 889 3556 enim
908 3508 1032 3555 rerum
1048 3483 1269 3573 futurarum,
1285 3509 1368 3580 qnae

325 3613 382 3673 est
411 3599 656 3698 providentia,
688 3598 736 3671 ad
770 3598 872 3671 illum
907 3598 1025 3671 solum
1060 3597 1231 3696 pertinet,
1263 3601 1368 3696 cujus

325 3714 478 3786 consilio
502 3714 635 3787 futurae
660 3722 757 3786 sunt.
808 3713 856 3785 Et
877 3713 924 3785 ab
946 3711 1010 3784 illo
1028 3712 1117 3797 solo,
1136 3722 1175 3783 et
1193 3735 1368 3807 superna-

324 3826 504 3916 turaliter,
518 3826 763 3923 proficiscitur
779 3825 987 3922 prophetia.
1039 3824 1187 3920 Alioqui
1206 3826 1367 3921 optimus

324 3941 525 4036 conjector,
551 3941 711 4036 optimus
737 3952 793 4013 est
817 3939 1021 4035 propheta;
1054 3937 1215 4033 optimus
1242 3951 1367 4011 autem

324 4054 513 4148 conjector
535 4053 565 4125 is
589 4065 657 4140 est,
684 4052 747 4148 qui
774 4052 932 4125 maxime
960 4063 1125 4123 versatus
1152 4061 1208 4124 est
1232 4051 1271 4123 in
1295 4052 1367 4124 illis

323 4167 444 4255 rebus,
465 4166 510 4239 de
534 4165 665 4262 quibus
686 4167 937 4261 conjecturam
952 4164 1066 4248 facit3
1094 4164 1126 4237 is
1144 4165 1242 4237 enim
1259 4164 1367 4260 plura

322 4278 434 4353 hahet
451 4278 682 4377 conjicienda
697 4279 823 4377 aigae.
