2926 4980
498 364 552 418 DE
572 364 777 420 crvmm.

456 707 617 781 CAPUT
642 704 821 779 XXVIII.

428 880 475 930 uu
491 881 602 930 emtus
620 881 666 930 ns
684 868 849 929 sununs.

121 995 260 1082 Paul,
293 993 427 1068 molum
460 1005 529 1085 est,
562 993 842 1094 transgressori
876 991 976 1091 Iegis
1006 989 1159 1064 author·
1172 1012 1310 1063 onnxxi

120 1107 217 1180 itote
226 1105 386 1205 publico
404 1108 593 1202 inofliciosi,
611 1109 753 1202 eostre,
778 1115 820 1179 ot
836 1115 985 1179 terrore
1002 1106 1083 1200 ejus
1100 1128 1160 1177 oo·
1199 1096 1310 1200 ⁸]

121 1218 285 1292 luntotes
298 1219 429 1293 civium
441 1221 496 1294 od
510 1220 756 1294 obedientiam
773 1219 1059 1317 eorfformeotor.
1299 1221 1310 1234 ’“

172 1333 381 1429 Antequam
392 1335 437 1407 ab
448 1336 518 1408 hac
531 1335 743 1407 defiuitione
754 1333 949 1428 quicquam
968 1330 1158 1420 deducam,

123 1446 316 1542 questioni
341 1447 551 1520 nonnullius
576 1446 753 1520 momenti
779 1442 1075 1541 respondendum
1092 1456 1159 1534 est,

122 1582 267 1654 nempe,
277 1558 376 1632 uude
394 1560 510 1633 civem
527 1559 702 1656 puniendi
719 1560 780 1655 jus
793 1559 832 1631 in
845 1582 932 1631 casu
944 1579 1161 1654 quoeunque

124 1682 248 1745 ortum
273 1672 332 1744 sit.
395 1673 632 1746 Manifestum
664 1671 761 1744 euim
788 1682 844 1745 est
868 1682 977 1767 pasto
1007 1669 1161 1766 obligari

122 1807 231 1881 posse
253 1784 448 1874 neminem,
467 1785 503 1857 vi
526 1785 637 1858 illatae
654 1809 730 1857 non
753 1784 945 1868 resistere;
972 1784 1095 1879 itaque
1120 1793 1162 1856 ut

123 1897 206 1994 quis
222 1896 394 1992 cuiquam
407 1899 467 1993 jus
480 1897 623 1971 dederit
635 1897 710 1970 vim
722 1897 791 1970 sibi
804 1897 994 1986 inferendi,
1007 1896 1163 1993 intelligi

122 2033 200 2082 non
220 2020 354 2106 potest.
406 2012 451 2083 Iu
481 2011 628 2084 civitate
656 2009 890 2098 instituenda,
912 2010 1163 2106 uuusquisque

124 2123 236 2196 alium
271 2122 419 2219 quidem
449 2122 668 2197 defendendi
701 2123 762 2217 jus
796 2121 957 2217 deponit,
992 2122 1057 2195 sed
1088 2146 1164 2195 non

124 2236 284 2332 seipsum
301 2235 522 2310 defendendi
535 2239 596 2333 jus
618 2235 802 2331 relinquit.
856 2236 1021 2331 Seipsum
1039 2234 1163 2322 etiam,

124 2349 164 2421 in
191 2348 377 2444 puniendo
406 2350 484 2422 eive
513 2349 586 2422 alio
616 2371 846 2444 quocunque,
874 2348 939 2437 illi,
971 2348 1033 2444 qui
1067 2372 1165 2420 sum-

126 2485 225 2534 mam
249 2460 361 2535 habet
385 2473 619 2557 potestatem,
640 2461 807 2533 auxiliari
824 2461 984 2557 obligat3
1012 2461 1166 2533 sednon

126 2573 166 2648 in
199 2573 318 2670 seipso
352 2574 549 2670 puniendo.
601 2573 674 2647 Sed
700 2574 875 2647 auxilium
900 2573 997 2647 ferre
1024 2598 1165 2647 summo

126 2686 322 2782 imperanti
339 2711 414 2760 non
430 2698 486 2760 est
499 2689 560 2783 jus
576 2686 630 2758 illi
643 2686 730 2759 dare
744 2710 964 2782 quemquam
976 2687 1164 2782 puniendi.

128 2799 370 2873 Manifestum
387 2823 474 2895 ergo
492 2810 548 2872 est
561 2800 621 2895 jus
637 2799 824 2894 puniendi,
838 2798 937 2894 quod
954 2800 1064 2873 habet
1079 2799 1166 2873 civi·

131 2925 201 3003 tas,
216 2912 255 2985 id
269 2923 336 3002 est,
347 2912 378 2986 is
389 2913 452 3008 qui
468 2936 662 3009 personam
679 2913 775 3009 gerit
788 2912 958 3002 civitatis,
970 2912 1165 2987 fimdatum

127 3050 204 3100 nou
230 3049 308 3099 esse
334 3025 372 3098 in
398 3026 633 3100 concessione
658 3027 733 3099 sive
758 3027 878 3122 gratia
894 3026 1040 3099 civium.
1092 3027 1166 3100 Sed

128 3152 318 3214 ostensum
343 3140 455 3213 etiam
472 3163 582 3236 supra
598 3152 666 3228 est,
685 3138 784 3236 quod
799 3152 885 3213 ante
902 3140 1061 3214 civitatis
1078 3165 1166 3214 eou-

129 3253 358 3326 stitutiouem
390 3253 586 3348 unicuique
612 3252 790 3348 quidlibet
815 3253 960 3349 agendi,
985 3253 1085 3349 quod
1118 3253 1166 3326 ad

129 3367 442 3440 conservationem
469 3366 525 3439 sui
548 3363 735 3439 videretur
751 3366 820 3463 ipsi
837 3367 1092 3457 necessarium,
1106 3368 1167 3463 jus

130 3491 212 3553 erat
228 3479 406 3552 naturale.
457 3480 580 3575 Atque
596 3478 666 3551 hos
679 3478 783 3574 juris,
795 3478 893 3574 quod
905 3478 1016 3551 habet
1029 3478 1167 3568 civitas,

130 3592 249 3666 civem
265 3592 453 3688 puniendi,
471 3591 750 3665 fundamentum
761 3615 888 3664 verum
900 3602 967 3664 est.
1018 3591 1115 3664 Nam
1124 3602 1169 3664 ut

130 3706 229 3779 cives
241 3705 380 3779 civitati
391 3706 464 3778 tsle
471 3706 532 3801 jus
542 3704 800 3792 concederent,
809 3703 947 3777 frustra
957 3713 1069 3788 esset;
1083 3704 1170 3799 quia

125 3820 190 3914 jus
207 3817 299 3891 illud
314 3819 512 3914 unicuique
528 3830 615 3891 ante
640 3842 664 3891 a
678 3830 812 3890 natura
828 3816 954 3890 datum
972 3828 1064 3890 erat.
1114 3817 1168 3890 Eo

130 3943 268 4022 tamen,
287 3932 385 4028 quod
398 3935 458 4028 jus
476 3956 582 4005 suum
607 3932 856 4027 unusquisque
882 3930 1112 4027 deposuerat,
1137 3929 1168 4001 is

130 4045 196 4140 qui
222 4069 402 4118 summam
427 4045 585 4118 habebat
603 4055 841 4141 potestatem,
868 4056 1011 4117 tautum
1036 4042 1168 4116 virium

130 4169 260 4232 nactus
284 4170 352 4248 est,
368 4170 412 4232 ut
426 4161 508 4255 jure
526 4182 592 4232 suo
609 4158 768 4232 naturali
784 4157 832 4230 ad
848 4157 1168 4252 praeservatiouem

131 4270 268 4348 civium
280 4272 444 4348 omnium
454 4272 606 4348 arbitrio
623 4295 689 4347 suo
706 4270 761 4346 uti
776 4270 909 4368 potuit.
962 4272 1094 4367 ltaque
1108 4272 1168 4367 jus
