2926 4980
332 387 386 437 na
406 386 598 437 c1v1raru
619 384 885 437 cnarsrmun.
1056 368 1129 446 427

92 578 180 651 ergo
197 555 421 627 concedatur
437 565 658 651 potestatem
681 553 825 626 civilem
854 552 1130 626 subordinatum
1153 585 1231 635 cap,
1243 583 1329 635 χιιι,

92 693 170 742 esse
187 668 363 763 potestati
379 669 512 764 papali,
539 682 714 762 tanquam
731 667 893 740 medium
911 666 959 740 ad
976 666 1131 739 salicita—
1167 665 1317 783 M

94 796 168 854 tem
195 781 443 877 spiritualem;
470 805 546 853 uon
569 790 692 852 tamen
717 779 894 875 sequitur,
913 781 945 852 si
971 791 1133 876 potestas
1168 787 1320 836 „marma

94 894 210 967 civilis
228 895 276 967 sit
306 895 342 966 iu
369 918 467 990 rege,
485 906 523 966 et
540 905 703 989 potestas
729 894 928 989 spiritualis
959 895 997 966 in
1021 894 1132 989 Papa,

95 1008 178 1080 idco
209 1007 364 1103 obligari
394 1030 519 1102 regem
549 1005 699 1079 obedire
731 1007 849 1102 Papae,
877 1006 994 1102 magis
1024 1030 1133 1102 quam

95 1119 356 1214 unusquisque,
375 1118 437 1214 qui
451 1130 566 1190 artem
580 1118 692 1190 habet
702 1117 862 1190 faciendi
872 1118 1054 1214 ephippia,
1069 1120 1135 1192 ob-

94 1232 230 1327 ligatur
244 1230 392 1302 obedire
406 1231 506 1302 omni
520 1231 647 1325 equiti.
700 1230 805 1302 Sicut
821 1254 909 1326 ergo
928 1255 951 1304 a
967 1231 1135 1304 subordi-

96 1344 244 1417 natione
269 1345 406 1415 artium
431 1342 559 1416 inferri
585 1367 659 1415 non
676 1354 798 1439 potest
822 1344 1002 1439 subjectio
1020 1344 1135 1417 artifi-

97 1480 202 1539 cum;
229 1457 282 1529 ita
295 1480 413 1551 neque
426 1456 759 1529 asubordinatione
770 1457 990 1553 regiminum
1008 1457 1135 1529 inferri

97 1580 219 1666 potest
236 1569 414 1664 subjectio
432 1569 650 1665 regentium.
703 1569 862 1643 Quando
877 1594 964 1666 ergo
978 1581 1137 1667 potesta·

99 1695 174 1755 tem
191 1682 333 1755 civilem
351 1682 531 1778 spirituali
550 1683 640 1755 dicit
655 1706 732 1755 esse
751 1682 947 1768 subditam,
965 1682 1137 1778 intelligit

99 1797 217 1892 ipsum
236 1795 395 1867 civitatis
419 1795 677 1891 imperatorem
706 1796 892 1869 subditum
916 1820 995 1869 esse
1024 1797 1137 1892 impe·

99 1910 213 1981 ratori
231 1908 422 2005 spirituali.
484 1911 754 2004 Argumentum
782 1909 904 2005 itaque
926 1910 1137 2005 hujusmodi

100 2035 177 2095 est:
205 2022 270 2118 qui
286 2020 399 2094 labet
409 2031 638 2119 potestatem
655 2047 829 2094 aurariam
841 2021 995 2112 ciuilem,
1013 2021 1138 2094 subcli-

101 2145 161 2207 tua
181 2145 238 2206 est
257 2135 360 2207 illius
377 2136 443 2230 qui
461 2133 573 2206 labet
584 2144 814 2232 potestatem
831 2158 1005 2206 suminam
1021 2134 1138 2230 spiri-

102 2247 238 2320 tualem
252 2275 265 2330 ;
293 2271 387 2343 ergo
407 2246 592 2344 princeps
618 2246 834 2343 spiritualia
851 2248 919 2342 jur
937 2247 1049 2320 labet
1075 2247 1138 2319 ira-

96 2360 263 2456 parandi
291 2360 329 2432 ia
352 2359 552 2457 principes
583 2359 819 2455 temporales.
875 2361 918 2433 In
940 2384 1012 2456 quo
1029 2383 1139 2455 argu-

103 2488 226 2545 mento
254 2471 407 2546 assumit
433 2496 539 2567 reges
560 2472 669 2567 Papae
694 2495 772 2544 esse
790 2472 966 2560 subditos,
983 2473 1022 2545 id
1040 2473 1139 2568 quod

103 2587 229 2659 debuit
252 2585 542 2668 demonstrasse;
570 2585 615 2657 de
642 2585 905 2680 consequentia
921 2585 1032 2673 enim,
1050 2586 1139 2681 quin

101 2701 198 2772 bona
215 2699 273 2788 sit,
291 2698 393 2770 nulla
418 2710 475 2771 est
500 2698 760 2770 controversia.
813 2697 955 2771 Deinde
973 2699 1140 2795 procedit

102 2825 360 2908 argumentum
385 2835 491 2884 suum
517 2813 737 2884 confirmans
760 2810 831 2884 hoc
855 2811 986 2885 modo:
1012 2812 1139 2911 Reges

103 2939 140 3000 et
164 2927 293 3025 Papa,
312 2926 436 2998 clerus
453 2935 490 2998 et
511 2924 689 3022 populus,
706 2924 851 2998 unicam
866 2925 1026 3023 sariunt
1049 2927 1139 2999 eiai-

103 3052 230 3129 tatem,
243 3041 286 3113 id
297 3049 366 3128 eat,
381 3040 525 3112 uaicara
543 3037 757 3111 ecclesiam:
785 3038 823 3110 ia
841 3038 1006 3112 amitibus
1019 3047 1140 3111 autera

103 3153 333 3250 corporibus,
360 3150 522 3224 membru
548 3176 573 3223 a
596 3175 637 3222 se
663 3160 783 3222 mutuo
814 3150 1047 3248 dependeat:
1073 3150 1144 3224 secl

103 3266 326 3364 spiritualia
352 3264 651 3361 condependent
674 3287 698 3335 a
724 3261 994 3360 temporalibus
1007 3291 1020 3334 .·
1047 3286 1141 3361 ergo

105 3379 329 3476 teaeporalia
348 3378 558 3475 dependeat
577 3402 601 3449 a
618 3375 907 3472 spiritualibus:
926 3385 962 3447 et
971 3398 1047 3472 per
1059 3399 1141 3447 coa-

105 3517 262 3588 eeqaeaa
276 3491 355 3564 illia
372 3501 458 3564 aaut
475 3489 655 3586 sabjecta.
708 3489 751 3560 Iu
769 3512 842 3584 qua
858 3488 1141 3561 ratiocinatione

107 3604 180 3676 duo
198 3617 284 3678 sunt
301 3628 443 3677 errores
462 3605 549 3678 satis
575 3602 710 3676 crassi:
737 3602 830 3676 alter
848 3602 946 3697 quod
964 3602 1064 3690 dicit,
1082 3626 1140 3675 re·

106 3742 182 3812 gea,
199 3742 324 3814 papae,
342 3717 480 3790 clerum
498 3740 695 3812 omnesque
712 3717 802 3789 alios
813 3716 1141 3804 Christianos,uni-

107 3856 188 3903 cam
206 3831 428 3903 constituere
455 3829 729 3926 rempublicam.
781 3828 1017 3901 Manifestum
1043 3828 1141 3900 enim

107 3958 173 4033 est,
192 3944 455 4040 rempublicam
476 3967 588 4016 unam
606 3967 684 4016 esse
702 3942 866 4031 Galliam,
893 3942 1045 4014 alteram
1063 3964 1141 4014 esse

109 4058 337 4153 Hispaniam,
352 4069 387 4129 et
402 4056 509 4129 aliam
525 4081 603 4128 esse
620 4056 802 4144 venetias,
821 4071 891 4128 etc.
938 4056 1008 4127 Hac
1018 4068 1138 4127 autem

108 4182 377 4267 componuntur
394 4194 439 4242 ex
456 4169 663 4242 hominibus
681 4169 908 4256 Christianis,
923 4178 959 4239 et
973 4183 1059 4240 sunt
1075 4193 1141 4265 per

109 4309 335 4382 consequens
363 4283 517 4358 totidem
543 4283 728 4356 ecclesiae:
756 4295 792 4356 et
810 4282 942 4354 summi
959 4281 1140 4377 imperau-
