<?xml version="1.0" encoding="UTF-8"?>
<!DOCTYPE html PUBLIC "-//W3C//DTD XHTML 1.0 Transitional//EN"
    "http://www.w3.org/TR/xhtml1/DTD/xhtml1-transitional.dtd">
<html xmlns="http://www.w3.org/1999/xhtml" xml:lang="en" lang="en">
 <head>
  <title>
</title>
<meta http-equiv="Content-Type" content="text/html;charset=utf-8" />
  <meta name='ocr-system' content='tesseract 3.04.00' />
  <meta name='ocr-capabilities' content='ocr_page ocr_carea ocr_par ocr_line ocrx_word'/>
</head>
<body>
  <div class='ocr_page' id='page_1' title='image "./thomhobbesmalme02hobbgoog_0189.png"; bbox 0 0 2926 4980; ppageno 0'>
   <div class='ocr_carea' id='block_1_1' title="bbox 341 354 1005 427">
    <p class='ocr_par' dir='ltr' id='par_1_1' title="bbox 341 354 1005 427">
     <span class='ocr_line' id='line_1_1' title="bbox 341 354 1005 427; baseline 0.011 -7"><span class='ocrx_word' id='word_1_1' title='bbox 341 354 412 420; x_wconf 80' lang='grc'><strong>176</strong></span> <span class='ocrx_word' id='word_1_2' title='bbox 724 374 778 425; x_wconf 77' lang='lat' dir='ltr'><strong>on</strong></span> <span class='ocrx_word' id='word_1_3' title='bbox 796 373 1005 427; x_wconf 73' lang='lat' dir='ltr'><strong>mmm</strong></span> 
     </span>
    </p>
   </div>
   <div class='ocr_carea' id='block_1_2' title="bbox 136 534 1376 4379">
    <p class='ocr_par' dir='ltr' id='par_1_2' title="bbox 136 534 1376 638">
     <span class='ocr_line' id='line_1_2' title="bbox 136 534 1376 638; baseline 0.002 -25"><span class='ocrx_word' id='word_1_4' title='bbox 136 562 216 614; x_wconf 74' lang='lat' dir='ltr'><strong>car.</strong></span> <span class='ocrx_word' id='word_1_5' title='bbox 230 565 320 618; x_wconf 80' lang='lat'><strong>1¹11.</strong></span> <span class='ocrx_word' id='word_1_6' title='bbox 338 534 438 632; x_wconf 67' lang='lat' dir='ltr'><strong>leget</strong></span> <span class='ocrx_word' id='word_1_7' title='bbox 453 560 539 610; x_wconf 76' lang='lat' dir='ltr'><strong>snas</strong></span> <span class='ocrx_word' id='word_1_8' title='bbox 554 536 731 634; x_wconf 75' lang='lat' dir='ltr'><strong>fregerint</strong></span> <span class='ocrx_word' id='word_1_9' title='bbox 745 572 757 619; x_wconf 84' lang='grc'><strong>;</strong></span> <span class='ocrx_word' id='word_1_10' title='bbox 781 540 956 613; x_wconf 83' lang='lat' dir='ltr'><strong>muletam</strong></span> <span class='ocrx_word' id='word_1_11' title='bbox 980 556 1104 614; x_wconf 77' lang='lat' dir='ltr'><strong>tamen</strong></span> <span class='ocrx_word' id='word_1_12' title='bbox 1119 541 1220 614; x_wconf 86' lang='lat' dir='ltr'><strong>illam</strong></span> <span class='ocrx_word' id='word_1_13' title='bbox 1242 543 1376 638; x_wconf 80' lang='lat' dir='ltr'>exequi</span> 
     </span>
    </p>

    <p class='ocr_par' dir='ltr' id='par_1_3' title="bbox 140 647 1376 765">
     <span class='ocr_line' id='line_1_3' title="bbox 140 647 1376 765; baseline 0.005 -42"><span class='ocrx_word' id='word_1_14' title='bbox 140 647 294 765; x_wconf 46' lang='lat' dir='ltr'><strong>om</strong></span> <span class='ocrx_word' id='word_1_15' title='bbox 337 665 442 724; x_wconf 76' lang='lat' dir='ltr'><strong>extra</strong></span> <span class='ocrx_word' id='word_1_16' title='bbox 467 651 648 725; x_wconf 85' lang='lat' dir='ltr'><strong>coloniam</strong></span> <span class='ocrx_word' id='word_1_17' title='bbox 676 654 793 749; x_wconf 86' lang='lat' dir='ltr'><strong>ipsam</strong></span> <span class='ocrx_word' id='word_1_18' title='bbox 814 656 899 750; x_wconf 83' lang='lat' dir='ltr'><strong>jure</strong></span> <span class='ocrx_word' id='word_1_19' title='bbox 913 679 991 727; x_wconf 92' lang='lat' dir='ltr'><strong>non</strong></span> <span class='ocrx_word' id='word_1_20' title='bbox 1005 667 1140 751; x_wconf 85' lang='lat' dir='ltr'><strong>potest.</strong></span> <span class='ocrx_word' id='word_1_21' title='bbox 1177 655 1290 737; x_wconf 88' lang='lat' dir='ltr'><strong>Quod</strong></span> <span class='ocrx_word' id='word_1_22' title='bbox 1308 680 1376 729; x_wconf 88' lang='lat' dir='ltr'><strong>au-</strong></span> 
     </span>
    </p>

    <p class='ocr_par' dir='ltr' id='par_1_4' title="bbox 137 765 1376 1092">
     <span class='ocr_line' id='line_1_4' title="bbox 137 765 1375 865; baseline 0.006 -29"><span class='ocrx_word' id='word_1_23' title='bbox 137 774 294 819; x_wconf 61' lang='lat' dir='ltr'><strong>Mviw</strong></span> <span class='ocrx_word' id='word_1_24' title='bbox 337 778 414 837; x_wconf 87' lang='lat' dir='ltr'><strong>tem</strong></span> <span class='ocrx_word' id='word_1_25' title='bbox 439 765 500 837; x_wconf 87' lang='lat' dir='ltr'><strong>hic</strong></span> <span class='ocrx_word' id='word_1_26' title='bbox 522 766 661 839; x_wconf 84' lang='lat' dir='ltr'><strong>dicturo</strong></span> <span class='ocrx_word' id='word_1_27' title='bbox 684 782 740 839; x_wconf 87' lang='lat' dir='ltr'><strong>est</strong></span> <span class='ocrx_word' id='word_1_28' title='bbox 763 768 811 841; x_wconf 85' lang='lat' dir='ltr'><strong>de</strong></span> <span class='ocrx_word' id='word_1_29' title='bbox 834 768 1150 841; x_wconf 75' lang='lat' dir='ltr'><strong>administratione</strong></span> <span class='ocrx_word' id='word_1_30' title='bbox 1175 770 1375 865; x_wconf 75' lang='lat' dir='ltr'><strong>provinciae</strong></span> 
     </span>
     <span class='ocr_line' id='line_1_5' title="bbox 336 881 1376 980; baseline 0.002 -27"><span class='ocrx_word' id='word_1_31' title='bbox 336 881 395 954; x_wconf 72' lang='lat' dir='ltr'><strong>uel</strong></span> <span class='ocrx_word' id='word_1_32' title='bbox 411 882 577 969; x_wconf 83' lang='lat' dir='ltr'><strong>ooloniae,</strong></span> <span class='ocrx_word' id='word_1_33' title='bbox 595 883 793 955; x_wconf 86' lang='lat' dir='ltr'><strong>dicendum</strong></span> <span class='ocrx_word' id='word_1_34' title='bbox 809 907 958 980; x_wconf 88' lang='lat' dir='ltr'><strong>quoque</strong></span> <span class='ocrx_word' id='word_1_35' title='bbox 972 898 1029 954; x_wconf 75' lang='lat' dir='ltr'><strong>est</strong></span> <span class='ocrx_word' id='word_1_36' title='bbox 1054 881 1101 954; x_wconf 88' lang='lat' dir='ltr'><strong>de</strong></span> <span class='ocrx_word' id='word_1_37' title='bbox 1113 881 1294 978; x_wconf 79' lang='lat' dir='ltr'><strong>regimine</strong></span> <span class='ocrx_word' id='word_1_38' title='bbox 1306 906 1376 978; x_wconf 87' lang='lat' dir='ltr'><strong>op-</strong></span> 
     </span>
     <span class='ocr_line' id='line_1_6' title="bbox 334 994 1313 1092; baseline 0.002 -26"><span class='ocrx_word' id='word_1_39' title='bbox 334 995 425 1091; x_wconf 83' lang='lat' dir='ltr'><strong>pidi,</strong></span> <span class='ocrx_word' id='word_1_40' title='bbox 450 996 509 1067; x_wconf 77' lang='lat' dir='ltr'><strong>vel</strong></span> <span class='ocrx_word' id='word_1_41' title='bbox 535 996 797 1085; x_wconf 75' lang='lat' dir='ltr'><strong>universitatis,</strong></span> <span class='ocrx_word' id='word_1_42' title='bbox 812 995 872 1070; x_wconf 80' lang='lat' dir='ltr'><strong>vel</strong></span> <span class='ocrx_word' id='word_1_43' title='bbox 887 997 1045 1092; x_wconf 84' lang='lat' dir='ltr'><strong>collegii,</strong></span> <span class='ocrx_word' id='word_1_44' title='bbox 1060 996 1121 1068; x_wconf 77' lang='lat' dir='ltr'><strong>vel</strong></span> <span class='ocrx_word' id='word_1_45' title='bbox 1135 994 1313 1069; x_wconf 72' lang='lat' dir='ltr'><strong>ecclesia.</strong></span> 
     </span>
    </p>

    <p class='ocr_par' dir='ltr' id='par_1_5' title="bbox 335 1107 1373 1318">
     <span class='ocr_line' id='line_1_7' title="bbox 386 1107 1373 1204; baseline 0.001 -23"><span class='ocrx_word' id='word_1_46' title='bbox 386 1109 429 1182; x_wconf 86' lang='lat' dir='ltr'><strong>In</strong></span> <span class='ocrx_word' id='word_1_47' title='bbox 442 1109 612 1182; x_wconf 89' lang='lat' dir='ltr'><strong>omuibus</strong></span> <span class='ocrx_word' id='word_1_48' title='bbox 628 1111 886 1204; x_wconf 83' lang='lat' dir='ltr'><strong>systematrbus</strong></span> <span class='ocrx_word' id='word_1_49' title='bbox 901 1107 1162 1196; x_wconf 84' lang='lat' dir='ltr'><strong>subordinatis,</strong></span> <span class='ocrx_word' id='word_1_50' title='bbox 1178 1108 1211 1180; x_wconf 87' lang='lat' dir='ltr'><strong>si</strong></span> <span class='ocrx_word' id='word_1_51' title='bbox 1227 1109 1311 1204; x_wconf 88' lang='lat' dir='ltr'><strong>quis</strong></span> <span class='ocrx_word' id='word_1_52' title='bbox 1326 1132 1373 1182; x_wconf 83' lang='lat' dir='ltr'><strong>ex</strong></span> 
     </span>
     <span class='ocr_line' id='line_1_8' title="bbox 335 1223 1373 1318; baseline -0.001 -24"><span class='ocrx_word' id='word_1_53' title='bbox 335 1235 532 1318; x_wconf 74' lang='lat' dir='ltr'><strong>systemate</strong></span> <span class='ocrx_word' id='word_1_54' title='bbox 554 1247 702 1296; x_wconf 69' lang='lat' dir='ltr'><strong>musam</strong></span> <span class='ocrx_word' id='word_1_55' title='bbox 731 1224 864 1297; x_wconf 88' lang='lat' dir='ltr'><strong>habeat</strong></span> <span class='ocrx_word' id='word_1_56' title='bbox 891 1234 1021 1296; x_wconf 86' lang='lat' dir='ltr'><strong>contra</strong></span> <span class='ocrx_word' id='word_1_57' title='bbox 1048 1236 1210 1318; x_wconf 75' lang='lat' dir='ltr'><strong>system</strong></span> <span class='ocrx_word' id='word_1_58' title='bbox 1239 1223 1373 1318; x_wconf 90' lang='lat' dir='ltr'><strong>ipsum,</strong></span> 
     </span>
    </p>

    <p class='ocr_par' dir='ltr' id='par_1_6' title="bbox 213 1335 1373 2091">
     <span class='ocr_line' id='line_1_9' title="bbox 213 1335 1373 1433; baseline 0.002 -26"><span class='ocrx_word' id='word_1_59' title='bbox 213 1350 223 1365; x_wconf 86' lang='grc'>’</span> <span class='ocrx_word' id='word_1_60' title='bbox 334 1336 497 1430; x_wconf 78' lang='lat' dir='ltr'><strong>cognitio</strong></span> <span class='ocrx_word' id='word_1_61' title='bbox 519 1360 640 1409; x_wconf 72' lang='lat' dir='ltr'><strong>causae</strong></span> <span class='ocrx_word' id='word_1_62' title='bbox 668 1338 832 1433; x_wconf 83' lang='lat' dir='ltr'>pertinet</span> <span class='ocrx_word' id='word_1_63' title='bbox 850 1336 899 1408; x_wconf 94' lang='lat' dir='ltr'><strong>ad</strong></span> <span class='ocrx_word' id='word_1_64' title='bbox 921 1335 1084 1431; x_wconf 86' lang='lat' dir='ltr'><strong>judicem</strong></span> <span class='ocrx_word' id='word_1_65' title='bbox 1100 1335 1256 1421; x_wconf 72' lang='lat' dir='ltr'><strong>civilem,</strong></span> <span class='ocrx_word' id='word_1_66' title='bbox 1268 1336 1332 1431; x_wconf 93' lang='lat' dir='ltr'><strong>qui</strong></span> <span class='ocrx_word' id='word_1_67' title='bbox 1349 1362 1373 1409; x_wconf 89' lang='lat' dir='ltr'><strong>a</strong></span> 
     </span>
     <span class='ocr_line' id='line_1_10' title="bbox 333 1445 1372 1546; baseline 0.001 -25"><span class='ocrx_word' id='word_1_68' title='bbox 333 1472 476 1521; x_wconf 85' lang='lat' dir='ltr'><strong>summa</strong></span> <span class='ocrx_word' id='word_1_69' title='bbox 491 1463 674 1546; x_wconf 75' lang='lat' dir='ltr'><strong>potestate</strong></span> <span class='ocrx_word' id='word_1_70' title='bbox 695 1450 853 1522; x_wconf 79' lang='lat' dir='ltr'><strong>civitatis</strong></span> <span class='ocrx_word' id='word_1_71' title='bbox 875 1449 1077 1535; x_wconf 90' lang='lat' dir='ltr'><strong>ordinatur,</strong></span> <span class='ocrx_word' id='word_1_72' title='bbox 1094 1471 1170 1520; x_wconf 90' lang='lat' dir='ltr'><strong>non</strong></span> <span class='ocrx_word' id='word_1_73' title='bbox 1186 1445 1235 1520; x_wconf 87' lang='lat' dir='ltr'><strong>ad</strong></span> <span class='ocrx_word' id='word_1_74' title='bbox 1251 1449 1372 1544; x_wconf 85' lang='lat' dir='ltr'><strong>ipsum</strong></span> 
     </span>
     <span class='ocr_line' id='line_1_11' title="bbox 332 1561 1371 1660; baseline 0.001 -26"><span class='ocrx_word' id='word_1_75' title='bbox 332 1577 504 1660; x_wconf 87' lang='lat' dir='ltr'><strong>systema,</strong></span> <span class='ocrx_word' id='word_1_76' title='bbox 522 1564 622 1660; x_wconf 91' lang='lat' dir='ltr'><strong>quod</strong></span> <span class='ocrx_word' id='word_1_77' title='bbox 646 1564 811 1637; x_wconf 86' lang='lat' dir='ltr'><strong>membro</strong></span> <span class='ocrx_word' id='word_1_78' title='bbox 827 1587 894 1636; x_wconf 90' lang='lat' dir='ltr'><strong>suo</strong></span> <span class='ocrx_word' id='word_1_79' title='bbox 910 1562 1072 1635; x_wconf 75' lang='lat' dir='ltr'><strong>concivis</strong></span> <span class='ocrx_word' id='word_1_80' title='bbox 1087 1574 1156 1634; x_wconf 75' lang='lat' dir='ltr'><strong>est„</strong></span> <span class='ocrx_word' id='word_1_81' title='bbox 1208 1561 1252 1633; x_wconf 92' lang='lat' dir='ltr'><strong>ln</strong></span> <span class='ocrx_word' id='word_1_82' title='bbox 1269 1575 1371 1635; x_wconf 87' lang='lat' dir='ltr'><strong>coetu</strong></span> 
     </span>
     <span class='ocr_line' id='line_1_12' title="bbox 332 1674 1370 1773; baseline 0.002 -25"><span class='ocrx_word' id='word_1_83' title='bbox 332 1699 513 1749; x_wconf 89' lang='lat' dir='ltr'><strong>summam</strong></span> <span class='ocrx_word' id='word_1_84' title='bbox 528 1677 688 1750; x_wconf 85' lang='lat' dir='ltr'><strong>habente</strong></span> <span class='ocrx_word' id='word_1_85' title='bbox 704 1688 925 1773; x_wconf 87' lang='lat' dir='ltr'><strong>potestatem</strong></span> <span class='ocrx_word' id='word_1_86' title='bbox 942 1675 1112 1762; x_wconf 78' lang='lat' dir='ltr'><strong>civitatis,</strong></span> <span class='ocrx_word' id='word_1_87' title='bbox 1129 1674 1238 1746; x_wconf 86' lang='lat' dir='ltr'><strong>aliter</strong></span> <span class='ocrx_word' id='word_1_88' title='bbox 1254 1698 1313 1748; x_wconf 88' lang='lat' dir='ltr'><strong>res</strong></span> <span class='ocrx_word' id='word_1_89' title='bbox 1330 1700 1370 1750; x_wconf 89' lang='lat' dir='ltr'><strong>se</strong></span> 
     </span>
     <span class='ocr_line' id='line_1_13' title="bbox 331 1787 1368 1884; baseline 0.001 -23"><span class='ocrx_word' id='word_1_90' title='bbox 331 1787 445 1862; x_wconf 91' lang='lat' dir='ltr'><strong>babet</strong></span> <span class='ocrx_word' id='word_1_91' title='bbox 458 1821 469 1873; x_wconf 71' lang='grc' dir='ltr'><strong>ς</strong></span> <span class='ocrx_word' id='word_1_92' title='bbox 493 1789 546 1862; x_wconf 94' lang='lat' dir='ltr'><strong>ibi</strong></span> <span class='ocrx_word' id='word_1_93' title='bbox 559 1790 656 1862; x_wconf 89' lang='lat' dir='ltr'><strong>enim</strong></span> <span class='ocrx_word' id='word_1_94' title='bbox 673 1789 716 1877; x_wconf 91' lang='lat' dir='ltr'><strong>is,</strong></span> <span class='ocrx_word' id='word_1_95' title='bbox 731 1791 795 1884; x_wconf 90' lang='lat' dir='ltr'><strong>qui</strong></span> <span class='ocrx_word' id='word_1_96' title='bbox 811 1812 991 1861; x_wconf 88' lang='lat' dir='ltr'><strong>summam</strong></span> <span class='ocrx_word' id='word_1_97' title='bbox 1007 1787 1119 1860; x_wconf 90' lang='lat' dir='ltr'><strong>habet</strong></span> <span class='ocrx_word' id='word_1_98' title='bbox 1135 1801 1368 1883; x_wconf 85' lang='lat' dir='ltr'><strong>potestatem,</strong></span> 
     </span>
     <span class='ocr_line' id='line_1_14' title="bbox 331 1900 1368 1998; baseline -0.001 -23"><span class='ocrx_word' id='word_1_99' title='bbox 331 1902 444 1975; x_wconf 87' lang='lat' dir='ltr'><strong>etiam</strong></span> <span class='ocrx_word' id='word_1_100' title='bbox 462 1903 500 1975; x_wconf 90' lang='lat' dir='ltr'><strong>in</strong></span> <span class='ocrx_word' id='word_1_101' title='bbox 516 1927 582 1975; x_wconf 90' lang='lat' dir='ltr'><strong>sua</strong></span> <span class='ocrx_word' id='word_1_102' title='bbox 598 1903 711 1998; x_wconf 92' lang='lat' dir='ltr'><strong>ipsius</strong></span> <span class='ocrx_word' id='word_1_103' title='bbox 724 1926 836 1975; x_wconf 89' lang='lat' dir='ltr'><strong>causa</strong></span> <span class='ocrx_word' id='word_1_104' title='bbox 847 1901 961 1998; x_wconf 84' lang='lat' dir='ltr'><strong>judex</strong></span> <span class='ocrx_word' id='word_1_105' title='bbox 978 1902 1049 1973; x_wconf 84' lang='lat' dir='ltr'><strong>erit</strong></span> <span class='ocrx_word' id='word_1_106' title='bbox 1063 1932 1073 1984; x_wconf 90' lang='lat'><strong>;</strong></span> <span class='ocrx_word' id='word_1_107' title='bbox 1090 1914 1155 1973; x_wconf 92' lang='lat' dir='ltr'><strong>aut</strong></span> <span class='ocrx_word' id='word_1_108' title='bbox 1168 1900 1285 1996; x_wconf 82' lang='lat' dir='ltr'><strong>judex</strong></span> <span class='ocrx_word' id='word_1_109' title='bbox 1297 1903 1368 1975; x_wconf 87' lang='lat' dir='ltr'><strong>erit</strong></span> 
     </span>
     <span class='ocr_line' id='line_1_15' title="bbox 330 2016 630 2091; baseline 0.007 -3"><span class='ocrx_word' id='word_1_110' title='bbox 330 2016 481 2089; x_wconf 88' lang='lat' dir='ltr'><strong>omnino</strong></span> <span class='ocrx_word' id='word_1_111' title='bbox 497 2016 630 2091; x_wconf 86' lang='lat' dir='ltr'><strong>nullus.</strong></span> 
     </span>
    </p>

    <p class='ocr_par' dir='ltr' id='par_1_7' title="bbox 315 2126 1367 4379">
     <span class='ocr_line' id='line_1_16' title="bbox 381 2126 1367 2226; baseline 0 -24"><span class='ocrx_word' id='word_1_112' title='bbox 381 2129 597 2226; x_wconf 89' lang='lat' dir='ltr'><strong>Systematis</strong></span> <span class='ocrx_word' id='word_1_113' title='bbox 631 2127 872 2217; x_wconf 88' lang='lat' dir='ltr'><strong>subordinati,</strong></span> <span class='ocrx_word' id='word_1_114' title='bbox 905 2129 954 2201; x_wconf 94' lang='lat' dir='ltr'><strong>ad</strong></span> <span class='ocrx_word' id='word_1_115' title='bbox 986 2126 1188 2224; x_wconf 82' lang='lat' dir='ltr'><strong>regulanda</strong></span> <span class='ocrx_word' id='word_1_116' title='bbox 1217 2129 1367 2223; x_wconf 82' lang='lat' dir='ltr'><strong>negotia</strong></span> 
     </span>
     <span class='ocr_line' id='line_1_17' title="bbox 329 2239 1365 2338; baseline -0.001 -24"><span class='ocrx_word' id='word_1_117' title='bbox 329 2254 575 2317; x_wconf 85' lang='lat' dir='ltr'><strong>mercatorum</strong></span> <span class='ocrx_word' id='word_1_118' title='bbox 593 2243 798 2331; x_wconf 90' lang='lat' dir='ltr'><strong>constituti,</strong></span> <span class='ocrx_word' id='word_1_119' title='bbox 811 2265 967 2338; x_wconf 87' lang='lat' dir='ltr'><strong>persona</strong></span> <span class='ocrx_word' id='word_1_120' title='bbox 984 2239 1280 2313; x_wconf 71' lang='lat' dir='ltr'><strong>commodissima</strong></span> <span class='ocrx_word' id='word_1_121' title='bbox 1292 2264 1365 2313; x_wconf 78' lang='grc' dir='ltr'><strong>οω-</strong></span> 
     </span>
     <span class='ocr_line' id='line_1_18' title="bbox 329 2354 1365 2451; baseline -0.002 -23"><span class='ocrx_word' id='word_1_122' title='bbox 329 2367 389 2429; x_wconf 89' lang='lat' dir='ltr'><strong>tus</strong></span> <span class='ocrx_word' id='word_1_123' title='bbox 419 2369 501 2442; x_wconf 88' lang='lat' dir='ltr'><strong>est;</strong></span> <span class='ocrx_word' id='word_1_124' title='bbox 527 2369 656 2443; x_wconf 85' lang='lat' dir='ltr'><strong>coetus,</strong></span> <span class='ocrx_word' id='word_1_125' title='bbox 682 2355 845 2451; x_wconf 90' lang='lat' dir='ltr'><strong>iuquam,</strong></span> <span class='ocrx_word' id='word_1_126' title='bbox 870 2379 995 2427; x_wconf 89' lang='lat' dir='ltr'><strong>eorum</strong></span> <span class='ocrx_word' id='word_1_127' title='bbox 1019 2354 1182 2427; x_wconf 92' lang='lat' dir='ltr'><strong>omnium</strong></span> <span class='ocrx_word' id='word_1_128' title='bbox 1208 2376 1365 2448; x_wconf 87' lang='lat' dir='ltr'><strong>quorum</strong></span> 
     </span>
     <span class='ocr_line' id='line_1_19' title="bbox 328 2467 1364 2566; baseline -0.001 -25"><span class='ocrx_word' id='word_1_129' title='bbox 328 2471 478 2566; x_wconf 84' lang='lat' dir='ltr'><strong>negotia</strong></span> <span class='ocrx_word' id='word_1_130' title='bbox 507 2467 707 2565; x_wconf 84' lang='lat' dir='ltr'><strong>regulanda</strong></span> <span class='ocrx_word' id='word_1_131' title='bbox 732 2481 840 2553; x_wconf 91' lang='lat' dir='ltr'><strong>sunt;</strong></span> <span class='ocrx_word' id='word_1_132' title='bbox 866 2469 905 2540; x_wconf 93' lang='lat' dir='ltr'><strong>in</strong></span> <span class='ocrx_word' id='word_1_133' title='bbox 931 2491 1040 2564; x_wconf 91' lang='lat' dir='ltr'><strong>quem</strong></span> <span class='ocrx_word' id='word_1_134' title='bbox 1062 2467 1270 2555; x_wconf 81' lang='lat' dir='ltr'><strong>convenire,</strong></span> <span class='ocrx_word' id='word_1_135' title='bbox 1289 2467 1364 2540; x_wconf 83' lang='lat' dir='ltr'><strong>sns-</strong></span> 
     </span>
     <span class='ocr_line' id='line_1_20' title="bbox 326 2581 1363 2679; baseline -0.002 -24"><span class='ocrx_word' id='word_1_136' title='bbox 326 2581 444 2679; x_wconf 76' lang='lat' dir='ltr'><strong>fragia</strong></span> <span class='ocrx_word' id='word_1_137' title='bbox 456 2584 603 2672; x_wconf 91' lang='lat' dir='ltr'><strong>habere,</strong></span> <span class='ocrx_word' id='word_1_138' title='bbox 613 2583 862 2678; x_wconf 88' lang='lat' dir='ltr'><strong>uuusquisque</strong></span> <span class='ocrx_word' id='word_1_139' title='bbox 876 2581 1083 2676; x_wconf 88' lang='lat' dir='ltr'><strong>eorum,qui</strong></span> <span class='ocrx_word' id='word_1_140' title='bbox 1097 2581 1270 2677; x_wconf 82' lang='lat' dir='ltr'><strong>pecunias</strong></span> <span class='ocrx_word' id='word_1_141' title='bbox 1281 2604 1363 2653; x_wconf 88' lang='lat' dir='ltr'><strong>suas</strong></span> 
     </span>
     <span class='ocr_line' id='line_1_21' title="bbox 326 2695 1363 2792; baseline -0.001 -25"><span class='ocrx_word' id='word_1_142' title='bbox 326 2697 533 2786; x_wconf 84' lang='lat' dir='ltr'><strong>conserunt,</strong></span> <span class='ocrx_word' id='word_1_143' title='bbox 560 2697 590 2769; x_wconf 92' lang='lat' dir='ltr'><strong>si</strong></span> <span class='ocrx_word' id='word_1_144' title='bbox 620 2696 720 2785; x_wconf 91' lang='lat' dir='ltr'><strong>velit,</strong></span> <span class='ocrx_word' id='word_1_145' title='bbox 745 2695 872 2792; x_wconf 87' lang='lat' dir='ltr'><strong>possit.</strong></span> <span class='ocrx_word' id='word_1_146' title='bbox 925 2696 1124 2782; x_wconf 84' lang='lat' dir='ltr'><strong>Mercator,</strong></span> <span class='ocrx_word' id='word_1_147' title='bbox 1143 2695 1206 2789; x_wconf 93' lang='lat' dir='ltr'><strong>qui</strong></span> <span class='ocrx_word' id='word_1_148' title='bbox 1233 2717 1363 2766; x_wconf 85' lang='lat' dir='ltr'><strong>navem</strong></span> 
     </span>
     <span class='ocr_line' id='line_1_22' title="bbox 326 2807 1362 2903; baseline -0.003 -22"><span class='ocrx_word' id='word_1_149' title='bbox 326 2832 447 2884; x_wconf 87' lang='lat' dir='ltr'><strong>emere</strong></span> <span class='ocrx_word' id='word_1_150' title='bbox 465 2823 504 2882; x_wconf 89' lang='lat' dir='ltr'><strong>et</strong></span> <span class='ocrx_word' id='word_1_151' title='bbox 520 2810 702 2882; x_wconf 89' lang='lat' dir='ltr'><strong>mercibus</strong></span> <span class='ocrx_word' id='word_1_152' title='bbox 715 2831 868 2881; x_wconf 87' lang='lat' dir='ltr'><strong>onerare</strong></span> <span class='ocrx_word' id='word_1_153' title='bbox 885 2818 1019 2903; x_wconf 87' lang='lat' dir='ltr'><strong>potest,</strong></span> <span class='ocrx_word' id='word_1_154' title='bbox 1035 2829 1138 2879; x_wconf 88' lang='lat' dir='ltr'><strong>rarus</strong></span> <span class='ocrx_word' id='word_1_155' title='bbox 1155 2821 1222 2878; x_wconf 90' lang='lat' dir='ltr'><strong>est.</strong></span> <span class='ocrx_word' id='word_1_156' title='bbox 1259 2807 1362 2902; x_wconf 87' lang='lat' dir='ltr'><strong>Opus</strong></span> 
     </span>
     <span class='ocr_line' id='line_1_23' title="bbox 325 2920 1360 3018; baseline -0.002 -25"><span class='ocrx_word' id='word_1_157' title='bbox 325 2945 412 3018; x_wconf 84' lang='lat' dir='ltr'><strong>ergo</strong></span> <span class='ocrx_word' id='word_1_158' title='bbox 429 2923 578 3009; x_wconf 90' lang='lat' dir='ltr'><strong>habent,</strong></span> <span class='ocrx_word' id='word_1_159' title='bbox 591 2935 634 2995; x_wconf 92' lang='lat' dir='ltr'><strong>ut</strong></span> <span class='ocrx_word' id='word_1_160' title='bbox 652 2922 688 2994; x_wconf 93' lang='lat' dir='ltr'><strong>in</strong></span> <span class='ocrx_word' id='word_1_161' title='bbox 699 2946 814 2994; x_wconf 89' lang='lat' dir='ltr'><strong>unum</strong></span> <span class='ocrx_word' id='word_1_162' title='bbox 827 2932 987 3018; x_wconf 84' lang='lat' dir='ltr'><strong>systema</strong></span> <span class='ocrx_word' id='word_1_163' title='bbox 999 2920 1121 3017; x_wconf 90' lang='lat' dir='ltr'><strong>plures</strong></span> <span class='ocrx_word' id='word_1_164' title='bbox 1135 2921 1360 3015; x_wconf 84' lang='lat' dir='ltr'><strong>conjungan-</strong></span> 
     </span>
     <span class='ocr_line' id='line_1_24' title="bbox 323 3033 1361 3132; baseline 0 -25"><span class='ocrx_word' id='word_1_165' title='bbox 323 3044 395 3108; x_wconf 86' lang='lat' dir='ltr'><strong>tur.</strong></span> <span class='ocrx_word' id='word_1_166' title='bbox 448 3037 549 3109; x_wconf 86' lang='lat' dir='ltr'><strong>Finis</strong></span> <span class='ocrx_word' id='word_1_167' title='bbox 576 3047 700 3109; x_wconf 86' lang='lat' dir='ltr'><strong>autem</strong></span> <span class='ocrx_word' id='word_1_168' title='bbox 728 3035 936 3132; x_wconf 87' lang='lat' dir='ltr'><strong>systematis</strong></span> <span class='ocrx_word' id='word_1_169' title='bbox 958 3033 1168 3106; x_wconf 90' lang='lat' dir='ltr'><strong>mercatorii</strong></span> <span class='ocrx_word' id='word_1_170' title='bbox 1186 3033 1216 3105; x_wconf 92' lang='lat' dir='ltr'><strong>is</strong></span> <span class='ocrx_word' id='word_1_171' title='bbox 1234 3044 1302 3122; x_wconf 89' lang='lat' dir='ltr'><strong>est,</strong></span> <span class='ocrx_word' id='word_1_172' title='bbox 1317 3046 1361 3107; x_wconf 85' lang='lat' dir='ltr'><strong>ut</strong></span> 
     </span>
     <span class='ocr_line' id='line_1_25' title="bbox 323 3146 1360 3244; baseline -0.002 -22"><span class='ocrx_word' id='word_1_173' title='bbox 323 3148 466 3244; x_wconf 86' lang='lat' dir='ltr'><strong>possint</strong></span> <span class='ocrx_word' id='word_1_174' title='bbox 483 3159 521 3222; x_wconf 89' lang='lat' dir='ltr'><strong>et</strong></span> <span class='ocrx_word' id='word_1_175' title='bbox 537 3149 679 3222; x_wconf 87' lang='lat' dir='ltr'><strong>facilius</strong></span> <span class='ocrx_word' id='word_1_176' title='bbox 692 3161 730 3219; x_wconf 88' lang='lat' dir='ltr'><strong>et</strong></span> <span class='ocrx_word' id='word_1_177' title='bbox 742 3148 866 3220; x_wconf 89' lang='lat' dir='ltr'><strong>utilius</strong></span> <span class='ocrx_word' id='word_1_178' title='bbox 883 3147 1077 3243; x_wconf 84' lang='lat' dir='ltr'><strong>negotiari,</strong></span> <span class='ocrx_word' id='word_1_179' title='bbox 1091 3147 1199 3241; x_wconf 85' lang='lat' dir='ltr'><strong>juxta</strong></span> <span class='ocrx_word' id='word_1_180' title='bbox 1215 3146 1360 3242; x_wconf 85' lang='lat' dir='ltr'><strong>regulas</strong></span> 
     </span>
     <span class='ocr_line' id='line_1_26' title="bbox 322 3261 1358 3359; baseline -0.003 -23"><span class='ocrx_word' id='word_1_181' title='bbox 322 3286 345 3335; x_wconf 92' lang='lat' dir='ltr'><strong>a</strong></span> <span class='ocrx_word' id='word_1_182' title='bbox 370 3286 410 3336; x_wconf 90' lang='lat' dir='ltr'><strong>se</strong></span> <span class='ocrx_word' id='word_1_183' title='bbox 438 3262 585 3359; x_wconf 91' lang='lat' dir='ltr'><strong>quidem</strong></span> <span class='ocrx_word' id='word_1_184' title='bbox 611 3261 849 3358; x_wconf 85' lang='lat' dir='ltr'><strong>excogitatas,</strong></span> <span class='ocrx_word' id='word_1_185' title='bbox 872 3261 938 3333; x_wconf 91' lang='lat' dir='ltr'><strong>sed</strong></span> <span class='ocrx_word' id='word_1_186' title='bbox 963 3284 1150 3333; x_wconf 87' lang='lat' dir='ltr'><strong>asumma</strong></span> <span class='ocrx_word' id='word_1_187' title='bbox 1174 3271 1358 3356; x_wconf 87' lang='lat' dir='ltr'><strong>potestate</strong></span> 
     </span>
     <span class='ocr_line' id='line_1_27' title="bbox 321 3373 1358 3464; baseline -0.002 -16"><span class='ocrx_word' id='word_1_188' title='bbox 321 3375 439 3449; x_wconf 87' lang='lat' dir='ltr'><strong>literis</strong></span> <span class='ocrx_word' id='word_1_189' title='bbox 453 3377 699 3448; x_wconf 85' lang='lat' dir='ltr'><strong>confirmatas.</strong></span> <span class='ocrx_word' id='word_1_190' title='bbox 752 3375 895 3449; x_wconf 77' lang='lat' dir='ltr'><strong>Quibus</strong></span> <span class='ocrx_word' id='word_1_191' title='bbox 906 3373 1020 3446; x_wconf 89' lang='lat' dir='ltr'><strong>literis</strong></span> <span class='ocrx_word' id='word_1_192' title='bbox 1031 3373 1061 3445; x_wconf 92' lang='lat' dir='ltr'><strong>si</strong></span> <span class='ocrx_word' id='word_1_193' title='bbox 1075 3396 1289 3445; x_wconf 84' lang='lat' dir='ltr'><strong>concessum</strong></span> <span class='ocrx_word' id='word_1_194' title='bbox 1299 3373 1358 3464; x_wconf 92' lang='lat' dir='ltr'><strong>sit,</strong></span> 
     </span>
     <span class='ocr_line' id='line_1_28' title="bbox 320 3487 1359 3586; baseline 0.001 -26"><span class='ocrx_word' id='word_1_195' title='bbox 320 3500 364 3561; x_wconf 91' lang='lat' dir='ltr'><strong>ut</strong></span> <span class='ocrx_word' id='word_1_196' title='bbox 380 3489 523 3586; x_wconf 88' lang='lat' dir='ltr'><strong>possint</strong></span> <span class='ocrx_word' id='word_1_197' title='bbox 536 3514 590 3577; x_wconf 86' lang='lat' dir='ltr'><strong>ea,</strong></span> <span class='ocrx_word' id='word_1_198' title='bbox 606 3512 724 3585; x_wconf 88' lang='lat' dir='ltr'><strong>quaea</strong></span> <span class='ocrx_word' id='word_1_199' title='bbox 741 3488 903 3561; x_wconf 89' lang='lat' dir='ltr'><strong>dominio</strong></span> <span class='ocrx_word' id='word_1_200' title='bbox 921 3487 1077 3560; x_wconf 84' lang='lat' dir='ltr'><strong>civitatis</strong></span> <span class='ocrx_word' id='word_1_201' title='bbox 1095 3488 1280 3583; x_wconf 85' lang='lat' dir='ltr'><strong>exportari</strong></span> <span class='ocrx_word' id='word_1_202' title='bbox 1298 3511 1359 3561; x_wconf 81' lang='lat' dir='ltr'><strong>eu·</strong></span> 
     </span>
     <span class='ocr_line' id='line_1_29' title="bbox 321 3600 1358 3699; baseline -0.002 -23"><span class='ocrx_word' id='word_1_203' title='bbox 321 3603 434 3699; x_wconf 92' lang='lat' dir='ltr'><strong>pedit,</strong></span> <span class='ocrx_word' id='word_1_204' title='bbox 449 3604 516 3676; x_wconf 90' lang='lat' dir='ltr'><strong>soli</strong></span> <span class='ocrx_word' id='word_1_205' title='bbox 534 3627 666 3690; x_wconf 90' lang='lat' dir='ltr'><strong>emere,</strong></span> <span class='ocrx_word' id='word_1_206' title='bbox 684 3614 723 3675; x_wconf 86' lang='lat' dir='ltr'><strong>et</strong></span> <span class='ocrx_word' id='word_1_207' title='bbox 740 3626 822 3698; x_wconf 87' lang='lat' dir='ltr'><strong>quae</strong></span> <span class='ocrx_word' id='word_1_208' title='bbox 839 3603 877 3674; x_wconf 93' lang='lat' dir='ltr'><strong>in</strong></span> <span class='ocrx_word' id='word_1_209' title='bbox 893 3600 1051 3696; x_wconf 83' lang='lat' dir='ltr'><strong>civitatis</strong></span> <span class='ocrx_word' id='word_1_210' title='bbox 1069 3600 1271 3673; x_wconf 91' lang='lat' dir='ltr'><strong>dominium</strong></span> <span class='ocrx_word' id='word_1_211' title='bbox 1289 3601 1358 3674; x_wconf 90' lang='lat' dir='ltr'><strong>im-</strong></span> 
     </span>
     <span class='ocr_line' id='line_1_30' title="bbox 319 3714 1355 3812; baseline -0.001 -23"><span class='ocrx_word' id='word_1_212' title='bbox 319 3717 471 3811; x_wconf 88' lang='lat' dir='ltr'><strong>portari,</strong></span> <span class='ocrx_word' id='word_1_213' title='bbox 486 3716 554 3790; x_wconf 90' lang='lat' dir='ltr'><strong>soli</strong></span> <span class='ocrx_word' id='word_1_214' title='bbox 571 3716 743 3801; x_wconf 87' lang='lat' dir='ltr'><strong>vendere,</strong></span> <span class='ocrx_word' id='word_1_215' title='bbox 757 3718 863 3811; x_wconf 85' lang='lat' dir='ltr'><strong>juxta</strong></span> <span class='ocrx_word' id='word_1_216' title='bbox 889 3717 1097 3812; x_wconf 87' lang='lat' dir='ltr'><strong>systematis</strong></span> <span class='ocrx_word' id='word_1_217' title='bbox 1115 3715 1170 3786; x_wconf 90' lang='lat' dir='ltr'><strong>sui</strong></span> <span class='ocrx_word' id='word_1_218' title='bbox 1187 3714 1355 3810; x_wconf 80' lang='lat' dir='ltr'><strong>regulas3</strong></span> 
     </span>
     <span class='ocr_line' id='line_1_31' title="bbox 320 3829 1356 3927; baseline 0 -25"><span class='ocrx_word' id='word_1_219' title='bbox 320 3830 471 3927; x_wconf 89' lang='lat' dir='ltr'><strong>duplum</strong></span> <span class='ocrx_word' id='word_1_220' title='bbox 483 3831 670 3904; x_wconf 88' lang='lat' dir='ltr'><strong>habebunt</strong></span> <span class='ocrx_word' id='word_1_221' title='bbox 684 3829 943 3925; x_wconf 91' lang='lat' dir='ltr'><strong>monopolium.</strong></span> <span class='ocrx_word' id='word_1_222' title='bbox 983 3830 1149 3903; x_wconf 76' lang='lat' dir='ltr'><strong>Quorum</strong></span> <span class='ocrx_word' id='word_1_223' title='bbox 1159 3839 1356 3924; x_wconf 87' lang='lat' dir='ltr'><strong>utrumque</strong></span> 
     </span>
     <span class='ocr_line' id='line_1_32' title="bbox 318 3941 1355 4038; baseline -0.001 -23"><span class='ocrx_word' id='word_1_224' title='bbox 318 3942 406 4038; x_wconf 88' lang='lat' dir='ltr'><strong>ipsis</strong></span> <span class='ocrx_word' id='word_1_225' title='bbox 417 3943 682 4017; x_wconf 89' lang='lat' dir='ltr'><strong>mercatoribus</strong></span> <span class='ocrx_word' id='word_1_226' title='bbox 698 3943 881 4016; x_wconf 86' lang='lat' dir='ltr'><strong>lucrosum</strong></span> <span class='ocrx_word' id='word_1_227' title='bbox 896 3953 963 4029; x_wconf 88' lang='lat' dir='ltr'><strong>est,</strong></span> <span class='ocrx_word' id='word_1_228' title='bbox 978 3941 1043 4014; x_wconf 89' lang='lat' dir='ltr'><strong>sed</strong></span> <span class='ocrx_word' id='word_1_229' title='bbox 1056 3942 1195 4015; x_wconf 87' lang='lat' dir='ltr'><strong>civibus</strong></span> <span class='ocrx_word' id='word_1_230' title='bbox 1212 3943 1355 4014; x_wconf 89' lang='lat' dir='ltr'><strong>eaeteris</strong></span> 
     </span>
     <span class='ocr_line' id='line_1_33' title="bbox 317 4055 1355 4152; baseline 0 -24"><span class='ocrx_word' id='word_1_231' title='bbox 317 4079 363 4129; x_wconf 85' lang='lat' dir='ltr'><strong>cx</strong></span> <span class='ocrx_word' id='word_1_232' title='bbox 380 4067 484 4152; x_wconf 86' lang='lat' dir='ltr'><strong>parte</strong></span> <span class='ocrx_word' id='word_1_233' title='bbox 502 4056 663 4129; x_wconf 85' lang='lat' dir='ltr'><strong>noxium.</strong></span> <span class='ocrx_word' id='word_1_234' title='bbox 717 4055 901 4128; x_wconf 76' lang='lat' dir='ltr'><strong>Quoniam</strong></span> <span class='ocrx_word' id='word_1_235' title='bbox 915 4055 1012 4128; x_wconf 91' lang='lat' dir='ltr'><strong>enim</strong></span> <span class='ocrx_word' id='word_1_236' title='bbox 1023 4055 1091 4129; x_wconf 90' lang='lat' dir='ltr'><strong>soli</strong></span> <span class='ocrx_word' id='word_1_237' title='bbox 1107 4055 1205 4127; x_wconf 88' lang='lat' dir='ltr'><strong>bona</strong></span> <span class='ocrx_word' id='word_1_238' title='bbox 1218 4055 1355 4128; x_wconf 87' lang='lat' dir='ltr'><strong>civium</strong></span> 
     </span>
     <span class='ocr_line' id='line_1_34' title="bbox 317 4166 1354 4265; baseline 0.001 -25"><span class='ocrx_word' id='word_1_239' title='bbox 317 4166 416 4242; x_wconf 91' lang='lat' dir='ltr'><strong>domi</strong></span> <span class='ocrx_word' id='word_1_240' title='bbox 447 4179 585 4260; x_wconf 88' lang='lat' dir='ltr'><strong>emunt,</strong></span> <span class='ocrx_word' id='word_1_241' title='bbox 611 4167 720 4241; x_wconf 87' lang='lat' dir='ltr'><strong>vilius</strong></span> <span class='ocrx_word' id='word_1_242' title='bbox 749 4179 899 4252; x_wconf 90' lang='lat' dir='ltr'><strong>emunt;</strong></span> <span class='ocrx_word' id='word_1_243' title='bbox 926 4167 965 4239; x_wconf 92' lang='lat' dir='ltr'><strong>id</strong></span> <span class='ocrx_word' id='word_1_244' title='bbox 996 4167 1095 4264; x_wconf 93' lang='lat' dir='ltr'><strong>quod</strong></span> <span class='ocrx_word' id='word_1_245' title='bbox 1120 4167 1354 4265; x_wconf 89' lang='lat' dir='ltr'><strong>sibimetipsis</strong></span> 
     </span>
     <span class='ocr_line' id='line_1_35' title="bbox 315 4280 1352 4379; baseline 0.001 -26"><span class='ocrx_word' id='word_1_246' title='bbox 315 4280 430 4370; x_wconf 91' lang='lat' dir='ltr'><strong>lucro,</strong></span> <span class='ocrx_word' id='word_1_247' title='bbox 449 4284 596 4379; x_wconf 86' lang='lat' dir='ltr'><strong>reliquis</strong></span> <span class='ocrx_word' id='word_1_248' title='bbox 610 4281 884 4356; x_wconf 82' lang='lat' dir='ltr'><strong>autem&#39;ciribns</strong></span> <span class='ocrx_word' id='word_1_249' title='bbox 896 4280 1029 4355; x_wconf 86' lang='lat' dir='ltr'><strong>damno</strong></span> <span class='ocrx_word' id='word_1_250' title='bbox 1044 4293 1111 4356; x_wconf 90' lang='lat' dir='ltr'><strong>est.</strong></span> <span class='ocrx_word' id='word_1_251' title='bbox 1165 4281 1352 4371; x_wconf 87' lang='lat' dir='ltr'><strong>Similiter,</strong></span> 
     </span>
    </p>
   </div>
   <div class='ocr_carea' id='block_1_3' title="bbox 0 0 1468 4980">
    <p class='ocr_par' dir='ltr' id='par_1_8' title="bbox 0 0 1468 4980">
     <span class='ocr_line' id='line_1_36' title="bbox 0 0 1468 4980; baseline 0 8"><span class='ocrx_word' id='word_1_252' title='bbox 0 0 1468 4980; x_wconf 95' lang='lat' dir='ltr'><strong> </strong></span> 
     </span>
    </p>
   </div>
  </div>
 </body>
</html>
