2926 4980
361 384 578 438 Arnnuorx
597 384 653 435 sn
674 380 931 434 narranaam.
1095 367 1166 432 535

172 553 221 625 Α.
250 554 325 625 Cur
342 576 431 649 ergo
445 554 572 625 Patres
592 563 745 639 veteres,
764 549 927 623 etmulti
950 546 1013 620 alii
1039 546 1167 619 docto-

121 691 179 739 res
197 666 432 755 recentiores,
452 666 602 739 vocibus
622 665 693 737 illis
712 665 768 736 usi
781 663 892 736 sunt?

170 779 219 852 B.
247 779 345 853 Quia
361 780 473 851 verba
494 778 695 874 Scripturae
713 777 847 865 Sacrae,
874 797 1007 870 nempe
1031 773 1167 846 Matth.

122 892 245 964 xxviii.
270 900 335 964 19:
363 891 508 964 Eantes
532 890 726 987 baptisate
754 913 876 961 aranea
891 898 1028 986 gentes
1048 887 1086 959 in
1104 911 1165 958 no-

120 1006 217 1076 nrinc
236 1006 381 1093 Patris,
400 1004 505 1092 Filii,
524 1013 562 1075 ct
590 985 761 1102 Spiritus
787 1002 930 1093 Sancti,
947 1002 1037 1076 item
1055 1003 1169 1074 verba

122 1119 159 1191 S.
177 1118 356 1191 lobannis
377 1119 411 1208 (l
431 1119 546 1214 Epist.
564 1143 598 1188 v.
618 1119 657 1208 7)
673 1143 682 1188 ι
707 1116 801 1188 Trea
818 1126 904 1188 sant
921 1116 987 1212 qai
1004 1115 1168 1187 testimo-

121 1232 219 1304 niam
227 1231 433 1329 perbibent
451 1232 489 1302 ia
507 1231 627 1318 calis,
647 1231 778 1318 Pater,
792 1228 926 1316 Filias,
945 1239 983 1302 et
1000 1228 1169 1325 Spiritus

123 1345 295 1433 Sanctia,
313 1358 351 1417 et
368 1345 450 1418 loca
467 1343 600 1416 similia
623 1343 668 1415 de
687 1343 878 1415 divinitate
897 1342 1044 1430 Christi,
1062 1341 1168 1414 aliter

122 1457 304 1553 explicare
321 1481 396 1529 non
413 1467 624 1553 potuerunt.

173 1572 220 1644 A.
247 1571 298 1643 At
316 1595 382 1643 cnr
399 1571 860 1643 omninonecessecratea
875 1567 1169 1664 explicarequae

123 1684 288 1755 sciebant
310 1683 380 1778 ipsi
410 1681 805 1779 incomprehensibilia,
829 1681 953 1769 idest,
972 1680 1170 1776 inexplica-

123 1796 211 1870 bilia
224 1795 328 1868 esse?

173 1911 222 1982 B.
251 1911 474 1982 Profitentur
492 1908 640 2004 quidem
658 1908 784 1979 Patres
802 1906 978 1994 ecclesiae,
989 1919 1068 1979 tum
1082 1919 1168 1979 ante

124 2036 204 2097 tura
232 2035 316 2119 post
335 2023 540 2096 Concilium
563 2022 758 2106 Nicennm,
776 2019 1069 2092 incarnationem
1087 2019 1170 2091 Filii

1223 581 1298 629 CAP.
1314 583 1337 631 1.

1208 661 1351 698 »ηρ-α

1211 723 1244 764 Do
1256 724 1357 779 symbolo

1210 787 1302 832 Niccno

123 2137 192 2209 Dei
210 2134 616 2229 incomprehensibilem
635 2157 738 2215 esse;
766 2133 831 2205 sed
857 2146 1034 2206 excusant
1060 2155 1099 2204 se
1125 2156 1169 2204 eo
1213 2204 1216 2211 ,

124 2249 224 2345 quod
238 2248 283 2320 de
302 2247 364 2318 illa
382 2247 569 2342 disputare
587 2247 634 2318 ab
654 2245 837 2319 haereticis
851 2246 1168 2340 compellerentur.

126 2362 186 2433 Sic
206 2359 434 2455 Epiphanius
461 2360 522 2431 De
544 2359 747 2447 Trinitatc,
774 2359 878 2432 initio
896 2359 980 2431 libri
999 2357 1169 2455 septimi:

125 2479 149 2511 “
165 2473 376 2545 sufficiebat
394 2471 541 2568 quidem
557 2471 791 2545 credentibus
811 2472 880 2545 Dei
898 2496 1031 2561 sermo,
1046 2472 1168 2545 dicen·

128 2586 187 2672 tis,
206 2585 351 2656 Eantca
370 2609 464 2656 nnnc
483 2585 612 2657 docete
629 2609 751 2656 oniaco
767 2594 914 2683 genter,
935 2585 1171 2683 baptizantes

128 2724 191 2771 eas
209 2699 247 2770 in
265 2699 409 2770 nornine
430 2698 562 2770 Patris
580 2709 619 2770 ct
641 2697 735 2771 Filii
760 2710 799 2772 ct
824 2699 995 2796 Spiritus
1027 2699 1171 2786 Sancti,

127 2821 198 2884 etc.
236 2810 309 2884 Sed
327 2810 581 2906 compellimur
591 2811 849 2885 haereticorum
862 2822 899 2883 et
917 2812 1171 2907 blaspheman-

128 2925 220 2996 tium
232 2925 332 2997 vitiis
344 2925 513 2997 illicitum
527 2948 648 3019 agere,
667 2939 705 2997 et
722 2925 922 2997 ineffabilia
934 2925 1067 3021 eloqui,
1079 2937 1116 2997 et
1133 2926 1171 2997 in

127 3037 258 3110 vitium
285 3037 446 3110 incidere
469 3037 560 3110 vitio
589 3038 815 3110 contrarium
843 3038 999 3111 alieno.''
1051 3039 1172 3111 Etiam

128 3150 373 3223 Bellarminns
390 3150 484 3222 libro
496 3150 628 3245 primo,
639 3149 701 3221 Dc
716 3150 869 3222 Christo
883 3179 896 3223 .·
915 3152 1072 3224 “Nostri
1085 3152 1172 3225 doc-

127 3275 226 3337 tores
239 3288 316 3336 non
330 3263 519 3359 disputant
531 3264 783 3359 philosophice
795 3275 835 3336 ut
849 3265 1172 3338 ostendantTrini-

127 3388 256 3465 tatem,
270 3377 335 3449 sed
355 3388 396 3449 ut
422 3376 567 3451 solvant
593 3377 818 3473 sophismata
835 3379 1171 3473 pbilosophorum.”

127 3491 175 3562 Et
188 3492 318 3575 Petrus
330 3489 569 3577 LombarduS,
582 3490 661 3562 Lib.
672 3490 889 3563 1.Diatinct.
903 3501 964 3564 ⁶23.
976 3493 1023 3563 Ι).
1039 3515 1084 3563 ex
1100 3494 1172 3562 rtu-

127 3602 531 3698 gustiuoLib.v11.Dc
554 3603 575 3674 l
580 3604 759 3677 ciuitate:
780 3605 927 3677 “Aliter
945 3606 1042 3677 enim
1054 3605 1173 3678 Graeci

128 3717 315 3812 accipiunt
332 3716 587 3805 substantiam,
601 3740 711 3810 quam
726 3717 859 3789 Latini.
898 3718 931 3788 A
949 3717 1089 3790 Latinis
1108 3741 1172 3789 aa·

128 3842 204 3902 tem
232 3830 371 3902 dictum
390 3842 457 3917 est,
476 3854 550 3900 aria
569 3830 734 3902 essentia
755 3829 815 3902 acl
839 3829 1064 3919 substantia,
1094 3841 1173 3903 tres

121 3967 299 4041 persona
310 3970 323 4014 .·
342 3943 519 4038 quianon
537 3941 645 4014 aliter
662 3943 699 4013 in
718 3966 886 4015 sermone
904 3956 1042 4032 nostro,
1061 3943 1100 4015 id
1118 3956 1174 4017 est

127 4056 273 4143 Latino,
285 4055 445 4127 essentia
459 4078 569 4150 quam
588 4054 794 4127 substantia
811 4055 903 4128 solet
921 4057 1089 4152 intelligi.
1127 4059 1175 4130 Et

128 4181 170 4241 nt
189 4169 419 4264 intelligatur
436 4168 565 4240 saltem
581 4169 618 4239 in
636 4169 844 4264 aenigmate,
862 4170 1000 4265 placuit
1017 4171 1068 4243 ita
1088 4171 1173 4258 dici,

129 4296 171 4355 ut
189 4307 273 4355 cum
291 4295 519 4378 quaereretur
537 4280 626 4377 quid
652 4283 731 4353 tria
757 4282 843 4368 sint,
871 4282 1008 4378 aliquid
1035 4283 1174 4357 dicere-
