2926 4980
337 357 409 423 212
717 372 992 426 nucrvrrnru.

125 570 322 622 mmm,
336 533 432 608 Nam
445 545 482 608 et
491 535 522 607 is
533 536 736 609 concivium
749 560 896 610 suorum
910 539 1050 611 animos
1061 540 1165 614 novis
1180 542 1366 640 religioni-

140 651 294 759 „AE
335 648 402 721 bus
420 649 605 723 sollicitari
621 675 696 723 nou
714 673 819 746 aequo
837 652 958 725 animo
975 652 1099 726 ferret.

138 778 286 856 tusam
386 762 425 835 Si
446 765 526 859 quis
548 764 705 837 civitatis
729 790 803 838 suae
828 766 957 861 legem,
976 789 1057 861 quac
1076 791 1151 839 uon
1175 768 1264 840 satis
1280 792 1365 863 pro-

139 845 309 956 fflniid.
335 877 498 973 mulgata
513 877 634 968 fuerit,
647 879 849 968 violaverit,
859 904 928 953 nec
941 879 1070 952 fecerit
1082 880 1219 976 aliquid
1234 893 1365 954 contra

333 989 451 1086 legem
469 992 683 1081 naturalem,
701 992 746 1064 ab
764 993 973 1088 ignorantia
990 993 1233 1065 excusabitur.

384 1102 422 1174 Si
440 1103 520 1197 quis
537 1103 620 1192 loci,
645 1104 681 1176 iu
706 1128 778 1199 quo
802 1115 978 1193 versatur,
1006 1105 1199 1201 imperium
1230 1107 1290 1179 cui
1317 1109 1365 1181 sit

331 1215 517 1310 ignorans
535 1215 693 1289 civitatis
717 1217 929 1290 authoritati
946 1219 1102 1307 resistat,
1120 1243 1196 1291 uon
1214 1244 1365 1294 excusa-

331 1328 451 1412 bitur;
471 1330 556 1424 quia
568 1354 591 1402 a
604 1354 675 1424 quo
688 1330 954 1426 protectionem
972 1330 1196 1427 aliquamdiu
1212 1357 1364 1429 accepe-

330 1451 400 1530 rat,
419 1443 586 1538 ignorare
604 1467 678 1515 non
699 1442 836 1515 debuit.

380 1555 593 1651 Ignorantia
625 1580 742 1651 poenae
776 1566 926 1628 excusat
953 1555 1146 1627 neminem.
1204 1555 1365 1650 Cognita

330 1670 428 1741 cuim
444 1668 536 1763 lege,
555 1668 773 1764 cognitoque
791 1667 889 1763 quod
907 1667 1049 1739 crimini
1073 1692 1183 1764 poena
1197 1667 1363 1756 debetur,

331 1782 399 1854 etsi
420 1781 557 1878 ignota,
582 1781 727 1877 aliqua;
754 1783 816 1876 qui
845 1781 983 1853 crimen
1011 1781 1218 1869 committit,
1245 1806 1363 1876 poeuae

331 1895 442 1969 etiam
459 1895 594 1991 ignotae
612 1894 807 1967 obnoxium
833 1919 871 1966 se
894 1894 984 1967 facit
1005 1893 1144 1967 voleus.
1196 1893 1363 1966 Rationis

330 2008 428 2081 enim
458 2021 525 2097 est,
552 2008 684 2103 utqui
713 2008 862 2081 arbitrio
890 2032 955 2080 suo
983 2008 1153 2103 iujuriam
1177 2007 1362 2096 terminat,

330 2147 456 2220 poenas
470 2122 533 2195 det
550 2122 762 2195 terminatas
776 2121 927 2194 arbitrio
946 2120 1115 2194 civitatis

381 2237 454 2309 Ubi
470 2260 557 2309 vero
574 2237 654 2332 lege
671 2235 729 2308 vel
757 2233 1018 2308 cousuetudine
1045 2258 1153 2330 poeua
1172 2233 1363 2324 limitatur,

330 2350 381 2425 ibi
414 2351 562 2446 majoris
598 2374 718 2446 poenae
748 2349 901 2422 inflictio
930 2347 1056 2441 iniqua
1086 2359 1152 2419 est.
1205 2346 1302 2418 Nam
1333 2347 1364 2419 si

329 2490 438 2562 poena
454 2465 573 2537 minor
600 2465 647 2536 sit
677 2487 785 2560 quam
813 2473 854 2534 ut
878 2486 899 2533 a
923 2461 1074 2533 crimine
1098 2445 1291 2548 deterreat,
1317 2461 1363 2533 ad

330 2579 467 2651 crimen
499 2579 678 2652 hortatur.
730 2578 989 2672 Comparautes
1008 2574 1105 2646 enim
1123 2573 1220 2669 quod
1238 2573 1276 2645 in
1295 2573 1363 2645 cri-

329 2694 427 2765 mine
450 2692 665 2788 jucundum,
690 2716 772 2763 cum
800 2714 842 2763 eo
867 2688 964 2785 quod
982 2688 1019 2759 iu
1042 2712 1151 2783 poena
1167 2687 1362 2759 molestum

330 2818 396 2895 est,
416 2806 465 2895 id,
493 2806 591 2901 quod
611 2806 679 2879 sibi
699 2804 874 2899 optimum
896 2825 975 2874 esse
997 2811 1139 2897 putant,
1157 2800 1361 2873 necessario

329 2920 479 3015 eligunt.
532 2921 660 3014 Itaque
690 2919 750 3012 qui
777 2940 903 3012 poenas
932 2915 1039 2987 luunt
1069 2915 1223 3010 majores
1252 2937 1362 3010 quam

329 3056 419 3130 quas
440 3033 499 3104 lex
520 3031 803 3127 praescripserat,
828 3053 850 3101 a
875 3029 953 3124 lege
983 3028 1072 3123 ipsa,
1094 3028 1196 3122 quasi
1224 3028 1361 3099 crimen

328 3146 515 3235 suadente,
533 3144 676 3240 decepti
697 3155 792 3215 sunt.

378 3259 488 3333 Quod
506 3270 591 3331 ante
608 3258 726 3353 legem
752 3257 865 3329 latam
889 3256 1028 3328 factum
1052 3264 1118 3343 est,
1137 3255 1274 3327 crimen
1295 3278 1361 3349 per

326 3372 444 3468 legem
462 3372 561 3444 illam
573 3372 652 3443 fieri
669 3371 807 3466 nequit.
835 3371 932 3442 Ante
943 3369 1040 3464 leges
1052 3377 1192 3440 naturae
1205 3380 1360 3440 aeternas

325 3486 463 3559 factum
476 3485 569 3579 nihil
582 3496 648 3557 est.
700 3485 776 3556 Lex
793 3495 916 3556 autem
927 3492 1010 3577 post
1022 3481 1160 3553 factum
1173 3481 1259 3562 lata,
1274 3479 1360 3576 quia

325 3598 497 3694 cognosci
527 3621 602 3669 nou
624 3597 756 3692 potuit,
787 3594 1004 3691 obligatoria
1031 3617 1104 3665 nou
1130 3604 1196 3664 est.
1250 3592 1360 3666 Quod

325 3726 448 3786 autem
471 3723 602 3783 contra
617 3710 734 3805 legem
755 3711 798 3781 fit
817 3711 894 3804 jam
916 3708 1029 3780 latam
1048 3705 1125 3777 siue
1143 3729 1252 3802 poena
1270 3704 1359 3777 defi-

324 3825 413 3913 nita,
425 3848 555 3921 poenae,
567 3846 648 3917 quae
661 3832 743 3916 post
758 3821 963 3905 definietur,
974 3819 1043 3891 nisi
1058 3819 1164 3890 solita
1174 3819 1290 3914 major
1300 3817 1358 3905 sit,

325 3937 522 4009 obnoxium
539 3936 614 4023 fiet,
632 3946 783 4029 propter
801 3956 948 4004 causam
965 3930 1074 4003 modo
1093 3954 1204 4026 supra
1225 3929 1358 4026 allega-

325 4063 413 4123 tam.

375 4163 431 4234 Ab
459 4184 581 4234 errore
609 4169 809 4231 nascuntur
835 4157 988 4229 crimina
1011 4156 1210 4243 homiuum,
1229 4154 1358 4250 quibus

323 4275 481 4349 illudunt
498 4284 561 4346 aut
577 4271 668 4345 falsa
683 4270 874 4368 principia,
893 4278 957 4343 aut
983 4267 1075 4343 falsa
1099 4269 1221 4365 legum
1245 4268 1358 4342 inter·
