2926 4980
258 329 331 398 414
500 346 555 399 nn
574 346 769 401 orvrrara
788 347 1055 403 cnnrsrraun.

57 541 135 592 car
148 542 233 594 xnn.
257 536 438 588 summam
455 527 544 588 tunc
560 515 712 591 haberet
728 526 952 614 potestatem
968 518 1125 608 civilem,
1133 517 1300 615 jndioes-

75 624 330 741 ᾟᾳιο
346 630 413 702 sub
431 653 471 703 se
488 629 741 704 constitueret.
794 630 897 704 Nihil
913 631 1012 705 alind
1029 655 1118 728 ergo
1134 633 1300 728 probant

70 701 372 815 mufflverba
387 741 515 832 illa,
479 767 550 816 nusi
538 742 668 839 quod
692 742 749 816 vir
765 742 838 832 illc,
861 743 924 839 qni
940 767 1083 819 summo
1098 745 1300 841 imperanti

258 854 355 928 civili
369 855 518 931 obedire
536 857 773 945 recusaverit,
796 857 985 946 morietur,
1003 869 1073 931 etc.
1126 857 1171 931 ld
1196 858 1300 954 quod
1350 850 1365 893 ²·

258 969 484 1043 conclusioni
501 968 713 1042 Bellarmini
731 969 869 1044 directe
885 972 1111 1045 connatium
1138 984 1208 1046 est.

309 1083 492 1170 Secundo,
511 1083 663 1157 adducit
681 1095 821 1157 textum
835 1084 969 1159 Matth.
988 1086 1060 1159 xvi.
1084 1093 1152 1160 19:
1181 1087 1298 1172 Quic-

259 1195 353 1293 quid
368 1195 554 1294 ligareria
581 1196 618 1270 in
637 1206 757 1285 terro,
782 1208 866 1283 ειυς
892 1210 931 1273 et
947 1199 1001 1272 ita
1016 1200 1298 1296 interpretatur,

258 1333 302 1382 ao
319 1308 349 1381 si
367 1320 528 1404 potestas
544 1309 608 1383 illa
624 1309 763 1406 ligandi
780 1321 876 1384 esset
888 1321 1051 1406 potestas
1067 1311 1296 1407 legislativa;

259 1445 370 1518 quam
386 1432 608 1517 potestatem
625 1421 797 1495 locushic
808 1423 978 1497 attribuit
989 1424 1166 1521 potestati
1182 1426 1297 1499 civili.

260 1535 399 1609 Scribse
414 1535 512 1609 enim
522 1548 561 1609 et
570 1536 746 1610 Pharisaei
759 1535 936 1610 sededant
951 1550 1053 1627 tnnc,
1066 1560 1141 1612 non
1152 1538 1296 1629 Petrus,

258 1647 298 1720 in
325 1647 500 1721 cathedra
516 1648 644 1737 Mosis,
671 1660 710 1720 et
734 1661 931 1745 propterea
953 1648 1082 1747 ligare
1097 1650 1196 1723 idem
1214 1665 1297 1726 erat

259 1760 357 1857 qnod
370 1760 488 1857 legem
503 1760 673 1835 condere.

309 1873 428 1947 Locus
445 1874 576 1949 tertia
593 1885 649 1948 est
660 1874 744 1948 Joh.
758 1875 834 1949 xxi.
854 1879 922 1959 17:
942 1874 1065 1948 Parce
1077 1899 1163 1949 orer
1179 1901 1295 1968 ntem,

258 1984 296 2059 id
314 1987 414 2081 quod
431 2011 505 2061 non
523 1994 580 2061 est
594 1987 737 2084 legibus
754 2011 898 2085 eogere,
916 1987 982 2061 sed
999 1987 1143 2062 docere.

307 2099 427 2172 locus
441 2111 593 2196 quartus
618 2112 674 2174 est
696 2098 780 2173 Joh.
797 2124 859 2173 xx.
876 2109 922 2175 21
938 2131 948 2184 ;
966 2099 1029 2196 qui
1045 2100 1146 2174 locus
1162 2103 1298 2198 probat

258 2214 496 2287 contrarium.
559 2213 683 2286 Verba
713 2213 813 2285 enim
837 2225 947 2287 sunt:
980 2213 1088 2286 Sicut
1114 2215 1215 2287 misit
1241 2240 1298 2288 me

258 2325 391 2413 Pater,
408 2327 465 2399 ita
481 2335 520 2400 et
536 2350 608 2425 ego
626 2327 733 2400 mitto
750 2348 826 2400 eos.
853 2327 1040 2400 Christum
1053 2339 1178 2401 autem
1194 2328 1294 2402 misit

258 2441 370 2529 Deus,
386 2454 430 2514 ut
446 2453 565 2514 morte
591 2465 657 2514 sua
682 2440 873 2515 credentes
889 2440 929 2514 in
945 2439 1048 2513 illum
1065 2441 1266 2514 redimeret
1282 2472 1292 2526 ;

258 2566 350 2626 etot
362 2576 429 2649 per
443 2552 744 2649 praedicationem
761 2553 874 2648 ipsius
892 2565 930 2626 et
944 2553 1194 2648 apostolorum
1211 2578 1294 2627 suo-

258 2691 340 2739 rum
357 2667 405 2739 ad
421 2690 577 2762 regnum
594 2690 701 2740 suum
725 2667 890 2740 futurum
911 2665 950 2740 in
976 2666 1114 2740 mundo
1139 2678 1294 2740 venturo

258 2780 339 2852 illos
355 2792 591 2876 praepararet.
620 2780 716 2853 Cum
726 2803 815 2876 ergo
828 2781 926 2854 Deus
940 2781 1047 2853 Pater
1059 2780 1175 2853 filium
1188 2803 1294 2853 suum

257 2893 356 2988 leges
381 2894 419 2966 in
445 2895 516 2966 hoc
542 2892 679 2967 mundo
704 2894 864 2968 laturum
889 2918 965 2966 non
992 2893 1145 2984 miserit,
1173 2893 1292 2966 multo

257 3008 377 3080 minus
393 3016 614 3103 potestatem
627 3006 726 3078 illam
745 3005 847 3078 dedit
865 3008 1000 3080 Sancto
1019 3009 1138 3081 Petro.
1175 3007 1294 3080 locus

256 3143 345 3215 crgo
363 3120 424 3192 hic
449 3129 700 3213 suprematnm
726 3119 1012 3192 ecclesiasticum
1037 3130 1075 3192 ct
1100 3119 1293 3213 imperium

258 3232 366 3304 civile
384 3230 588 3327 conjungit,
608 3241 738 3303 contra
754 3229 793 3303 id
809 3230 910 3325 quod
925 3255 971 3304 ex
988 3254 1032 3303 eo
1051 3230 1293 3305 Bellarminns

257 3344 393 3417 inferre
410 3343 537 3416 voluit.

307 3457 425 3530 Locus
452 3457 601 3552 quintus
627 3468 683 3530 est
708 3457 793 3530 Act.
819 3481 878 3529 xv.
903 3464 963 3545 28,
981 3464 1054 3530 29:
1089 3455 1213 3528 Vicum
1238 3467 1296 3531 ert

257 3568 422 3667 Spiritui
440 3570 581 3642 Sancto
599 3578 636 3641 et
653 3569 769 3657 nohis,
787 3594 833 3641 ne
850 3570 952 3665 quod
962 3568 1123 3666 amplias
1134 3568 1295 3667 impone·

255 3707 379 3756 remus
390 3708 480 3755 onus
491 3692 638 3782 praeter
655 3682 874 3756 necessaria
885 3681 960 3754 ieta
975 3710 990 3765 ;
1013 3691 1053 3753 ut
1072 3680 1295 3756 abstineatis

255 3798 304 3871 ab
322 3798 371 3871 iis
387 3824 468 3897 pua
484 3807 570 3869 aaut
587 3797 776 3870 immolata
792 3795 1019 3884 simulacris,
1038 3805 1076 3869 et
1101 3796 1296 3895 sanguine,

255 3923 294 3985 et
306 3914 544 4007 suffocatam
541 3910 817 4007 fornicatione.
839 3910 912 3983 Ubi
922 3934 988 4005 per
999 3934 1090 3983 onata
1103 3909 1294 4006 imponere

255 4024 428 4121 intelligit
444 4035 663 4120 potestatem
680 4023 931 4119 legislativam.
970 4022 1044 4096 Sed
1058 4022 1179 4095 locum
1195 4023 1296 4096 hune

256 4138 508 4227 BellarminnS,
535 4137 605 4210 etsi
631 4137 760 4209 Latine
787 4136 946 4209 scribere
965 4136 1054 4208 satis
1074 4135 1196 4225 sciret,
1220 4159 1297 4210 non

254 4253 341 4326 satis
358 4250 549 4338 intellexit,
565 4249 622 4323 vel
639 4249 669 4322 si
687 4248 879 4338 intellexit,
895 4249 1015 4321 verbis
1028 4248 1099 4322 illis
1112 4248 1160 4321 ad
1171 4260 1294 4344 potes-
