<?xml version="1.0" encoding="UTF-8"?>
<!DOCTYPE html PUBLIC "-//W3C//DTD XHTML 1.0 Transitional//EN"
    "http://www.w3.org/TR/xhtml1/DTD/xhtml1-transitional.dtd">
<html xmlns="http://www.w3.org/1999/xhtml" xml:lang="en" lang="en">
 <head>
  <title>
</title>
<meta http-equiv="Content-Type" content="text/html;charset=utf-8" />
  <meta name='ocr-system' content='tesseract 3.04.00' />
  <meta name='ocr-capabilities' content='ocr_page ocr_carea ocr_par ocr_line ocrx_word'/>
</head>
<body>
  <div class='ocr_page' id='page_1' title='image "./thomhobbesmalme02hobbgoog_0476.png"; bbox 0 0 2926 4980; ppageno 0'>
   <div class='ocr_carea' id='block_1_1' title="bbox 305 407 1107 475">
    <p class='ocr_par' dir='ltr' id='par_1_1' title="bbox 305 407 1107 475">
     <span class='ocr_line' id='line_1_1' title="bbox 305 407 1107 475; baseline -0.002 -2"><span class='ocrx_word' id='word_1_1' title='bbox 305 422 521 475; x_wconf 80' lang='lat' dir='ltr'>nrrnnorx</span> <span class='ocrx_word' id='word_1_2' title='bbox 541 420 596 472; x_wconf 79' lang='lat' dir='ltr'>nn</span> <span class='ocrx_word' id='word_1_3' title='bbox 616 419 871 473; x_wconf 78' lang='lat' dir='ltr'>nnvrnrnnn.</span> <span class='ocrx_word' id='word_1_4' title='bbox 1022 407 1107 471; x_wconf 49' lang='lat'>&lt;513</span> 
     </span>
    </p>
   </div>
   <div class='ocr_carea' id='block_1_2' title="bbox 10 586 1112 2834">
    <p class='ocr_par' dir='ltr' id='par_1_2' title="bbox 10 586 1110 1590">
     <span class='ocr_line' id='line_1_2' title="bbox 67 586 1106 684; baseline -0.005 -22"><span class='ocrx_word' id='word_1_5' title='bbox 67 588 228 677; x_wconf 83' lang='lat' dir='ltr'>nomina,</span> <span class='ocrx_word' id='word_1_6' title='bbox 255 588 352 661; x_wconf 92' lang='lat' dir='ltr'>inter</span> <span class='ocrx_word' id='word_1_7' title='bbox 374 612 456 684; x_wconf 89' lang='lat' dir='ltr'>quae</span> <span class='ocrx_word' id='word_1_8' title='bbox 488 587 743 683; x_wconf 80' lang='lat' dir='ltr'>interponitur,</span> <span class='ocrx_word' id='word_1_9' title='bbox 770 610 848 659; x_wconf 90' lang='lat' dir='ltr'>esse</span> <span class='ocrx_word' id='word_1_10' title='bbox 877 586 1027 658; x_wconf 90' lang='lat' dir='ltr'>nomina</span> <span class='ocrx_word' id='word_1_11' title='bbox 1052 586 1106 658; x_wconf 89' lang='lat' dir='ltr'>di-</span> 
     </span>
     <span class='ocr_line' id='line_1_3' title="bbox 10 699 1108 802; baseline -0.002 -27"><span class='ocrx_word' id='word_1_12' title='bbox 10 794 14 802; x_wconf 27' lang='grc' dir='ltr'>Ι</span> <span class='ocrx_word' id='word_1_13' title='bbox 67 724 255 776; x_wconf 86' lang='lat' dir='ltr'>versarum</span> <span class='ocrx_word' id='word_1_14' title='bbox 282 724 417 790; x_wconf 89' lang='lat' dir='ltr'>rerum,</span> <span class='ocrx_word' id='word_1_15' title='bbox 435 701 489 772; x_wconf 89' lang='lat' dir='ltr'>ita</span> <span class='ocrx_word' id='word_1_16' title='bbox 516 700 727 795; x_wconf 87' lang='lat' dir='ltr'>conjunctio</span> <span class='ocrx_word' id='word_1_17' title='bbox 753 710 809 771; x_wconf 79' lang='lat' dir='ltr'>est</span> <span class='ocrx_word' id='word_1_18' title='bbox 829 699 1013 795; x_wconf 83' lang='lat' dir='ltr'>significat</span> <span class='ocrx_word' id='word_1_19' title='bbox 1042 725 1108 774; x_wconf 84' lang='lat' dir='ltr'>no-</span> 
     </span>
     <span class='ocr_line' id='line_1_4' title="bbox 67 814 1108 911; baseline -0.001 -24"><span class='ocrx_word' id='word_1_20' title='bbox 67 815 179 903; x_wconf 89' lang='lat' dir='ltr'>mina,</span> <span class='ocrx_word' id='word_1_21' title='bbox 215 815 312 888; x_wconf 89' lang='lat' dir='ltr'>inter</span> <span class='ocrx_word' id='word_1_22' title='bbox 345 839 428 911; x_wconf 89' lang='lat' dir='ltr'>quae</span> <span class='ocrx_word' id='word_1_23' title='bbox 463 814 720 910; x_wconf 86' lang='lat' dir='ltr'>interponitur,</span> <span class='ocrx_word' id='word_1_24' title='bbox 757 838 837 886; x_wconf 89' lang='lat' dir='ltr'>esse</span> <span class='ocrx_word' id='word_1_25' title='bbox 871 814 1021 886; x_wconf 89' lang='lat' dir='ltr'>nomina</span> <span class='ocrx_word' id='word_1_26' title='bbox 1055 816 1108 887; x_wconf 88' lang='lat' dir='ltr'>rei</span> 
     </span>
     <span class='ocr_line' id='line_1_5' title="bbox 68 926 1109 1024; baseline -0.002 -23"><span class='ocrx_word' id='word_1_27' title='bbox 68 927 244 1024; x_wconf 89' lang='lat' dir='ltr'>ejusdem.</span> <span class='ocrx_word' id='word_1_28' title='bbox 296 928 427 1023; x_wconf 89' lang='lat' dir='ltr'>Itaque</span> <span class='ocrx_word' id='word_1_29' title='bbox 445 950 488 999; x_wconf 84' lang='lat' dir='ltr'>ea</span> <span class='ocrx_word' id='word_1_30' title='bbox 504 926 665 1016; x_wconf 87' lang='lat' dir='ltr'>nomina,</span> <span class='ocrx_word' id='word_1_31' title='bbox 683 951 766 1023; x_wconf 90' lang='lat' dir='ltr'>quae</span> <span class='ocrx_word' id='word_1_32' title='bbox 783 951 806 999; x_wconf 89' lang='lat' dir='ltr'>a</span> <span class='ocrx_word' id='word_1_33' title='bbox 823 926 954 1023; x_wconf 90' lang='lat' dir='ltr'>copula</span> <span class='ocrx_word' id='word_1_34' title='bbox 971 937 1029 999; x_wconf 77' lang='lat' dir='ltr'>est</span> <span class='ocrx_word' id='word_1_35' title='bbox 1046 926 1109 1000; x_wconf 91' lang='lat' dir='ltr'>de-</span> 
     </span>
     <span class='ocr_line' id='line_1_6' title="bbox 67 1039 1109 1130; baseline -0.001 -15"><span class='ocrx_word' id='word_1_36' title='bbox 67 1043 246 1129; x_wconf 89' lang='lat' dir='ltr'>rivantur,</span> <span class='ocrx_word' id='word_1_37' title='bbox 261 1052 303 1114; x_wconf 90' lang='lat' dir='ltr'>ut</span> <span class='ocrx_word' id='word_1_38' title='bbox 319 1040 496 1129; x_wconf 72' lang='lat' dir='ltr'>essentia,</span> <span class='ocrx_word' id='word_1_39' title='bbox 522 1040 675 1130; x_wconf 79' lang='lat' dir='ltr'>entitas,</span> <span class='ocrx_word' id='word_1_40' title='bbox 692 1064 785 1129; x_wconf 78' lang='lat' dir='ltr'>erae,</span> <span class='ocrx_word' id='word_1_41' title='bbox 805 1039 956 1112; x_wconf 89' lang='lat' dir='ltr'>Hebraei</span> <span class='ocrx_word' id='word_1_42' title='bbox 972 1039 1109 1114; x_wconf 88' lang='lat' dir='ltr'>habere</span> 
     </span>
     <span class='ocr_line' id='line_1_7' title="bbox 68 1153 1109 1251; baseline -0.003 -22"><span class='ocrx_word' id='word_1_43' title='bbox 68 1179 145 1229; x_wconf 91' lang='lat' dir='ltr'>non</span> <span class='ocrx_word' id='word_1_44' title='bbox 178 1165 390 1251; x_wconf 92' lang='lat' dir='ltr'>potuerunt,</span> <span class='ocrx_word' id='word_1_45' title='bbox 425 1178 492 1225; x_wconf 87' lang='lat' dir='ltr'>nec</span> <span class='ocrx_word' id='word_1_46' title='bbox 527 1153 597 1226; x_wconf 91' lang='lat' dir='ltr'>illis</span> <span class='ocrx_word' id='word_1_47' title='bbox 631 1154 899 1249; x_wconf 82' lang='lat' dir='ltr'>aequivalentia.</span> <span class='ocrx_word' id='word_1_48' title='bbox 978 1155 1109 1228; x_wconf 85' lang='lat' dir='ltr'>Latine</span> 
     </span>
     <span class='ocr_line' id='line_1_8' title="bbox 70 1266 1110 1356; baseline -0.003 -15"><span class='ocrx_word' id='word_1_49' title='bbox 70 1267 216 1356; x_wconf 88' lang='lat' dir='ltr'>dieitur,</span> <span class='ocrx_word' id='word_1_50' title='bbox 229 1274 433 1340; x_wconf 79' lang='lat' dir='ltr'>terruerat</span> <span class='ocrx_word' id='word_1_51' title='bbox 450 1289 569 1338; x_wconf 82' lang='lat' dir='ltr'>vacua</span> <span class='ocrx_word' id='word_1_52' title='bbox 581 1293 595 1348; x_wconf 91' lang='lat'><em>;</em></span> <span class='ocrx_word' id='word_1_53' title='bbox 615 1266 810 1354; x_wconf 84' lang='lat' dir='ltr'>Hebraico,</span> <span class='ocrx_word' id='word_1_54' title='bbox 824 1275 931 1339; x_wconf 84' lang='lat' dir='ltr'>terro</span> <span class='ocrx_word' id='word_1_55' title='bbox 945 1267 1110 1340; x_wconf 67' lang='lat' dir='ltr'>existens</span> 
     </span>
     <span class='ocr_line' id='line_1_9' title="bbox 69 1379 1108 1471; baseline 0.002 -18"><span class='ocrx_word' id='word_1_56' title='bbox 69 1405 200 1469; x_wconf 83' lang='lat' dir='ltr'>uacua,</span> <span class='ocrx_word' id='word_1_57' title='bbox 217 1380 281 1453; x_wconf 96' lang='lat' dir='ltr'>ubi</span> <span class='ocrx_word' id='word_1_58' title='bbox 298 1380 343 1451; x_wconf 93' lang='lat' dir='ltr'>ab</span> <span class='ocrx_word' id='word_1_59' title='bbox 361 1379 509 1451; x_wconf 91' lang='lat' dir='ltr'>homine</span> <span class='ocrx_word' id='word_1_60' title='bbox 528 1379 659 1451; x_wconf 89' lang='lat' dir='ltr'>Latino</span> <span class='ocrx_word' id='word_1_61' title='bbox 673 1404 747 1452; x_wconf 94' lang='lat' dir='ltr'>non</span> <span class='ocrx_word' id='word_1_62' title='bbox 776 1380 994 1454; x_wconf 85' lang='lat' dir='ltr'>audiebatur</span> <span class='ocrx_word' id='word_1_63' title='bbox 1011 1392 1108 1471; x_wconf 84' lang='lat' dir='ltr'>erat,</span> 
     </span>
     <span class='ocr_line' id='line_1_10' title="bbox 70 1492 636 1590; baseline 0 -24"><span class='ocrx_word' id='word_1_64' title='bbox 70 1493 135 1567; x_wconf 87' lang='lat' dir='ltr'>sed</span> <span class='ocrx_word' id='word_1_65' title='bbox 155 1494 273 1587; x_wconf 86' lang='lat' dir='ltr'>(erat)</span> <span class='ocrx_word' id='word_1_66' title='bbox 295 1492 446 1590; x_wconf 83' lang='lat' dir='ltr'>aliquid</span> <span class='ocrx_word' id='word_1_67' title='bbox 460 1492 636 1566; x_wconf 71' lang='lat' dir='ltr'>existens.</span> 
     </span>
    </p>

    <p class='ocr_par' dir='ltr' id='par_1_3' title="bbox 70 1604 1111 1795">
     <span class='ocr_line' id='line_1_11' title="bbox 119 1604 1111 1702; baseline 0.004 -25"><span class='ocrx_word' id='word_1_68' title='bbox 119 1606 169 1679; x_wconf 73' lang='lat' dir='ltr'>A.</span> <span class='ocrx_word' id='word_1_69' title='bbox 197 1605 297 1681; x_wconf 77' lang='lat' dir='ltr'>Quid</span> <span class='ocrx_word' id='word_1_70' title='bbox 315 1604 538 1678; x_wconf 87' lang='lat' dir='ltr'>credendum</span> <span class='ocrx_word' id='word_1_71' title='bbox 563 1617 619 1678; x_wconf 89' lang='lat' dir='ltr'>est</span> <span class='ocrx_word' id='word_1_72' title='bbox 640 1631 705 1702; x_wconf 91' lang='lat' dir='ltr'>per</span> <span class='ocrx_word' id='word_1_73' title='bbox 730 1631 859 1679; x_wconf 86' lang='lat' dir='ltr'>vocem</span> <span class='ocrx_word' id='word_1_74' title='bbox 875 1607 983 1697; x_wconf 89' lang='lat' dir='ltr'>hanc,</span> <span class='ocrx_word' id='word_1_75' title='bbox 1003 1633 1111 1681; x_wconf 83' lang='lat' dir='ltr'>orea-</span> 
     </span>
     <span class='ocr_line' id='line_1_12' title="bbox 70 1718 1084 1795; baseline 0.001 -3"><span class='ocrx_word' id='word_1_76' title='bbox 70 1723 164 1792; x_wconf 77' lang='lat' dir='ltr'>tor?</span> <span class='ocrx_word' id='word_1_77' title='bbox 216 1720 323 1793; x_wconf 77' lang='lat' dir='ltr'>Anne</span> <span class='ocrx_word' id='word_1_78' title='bbox 340 1718 518 1791; x_wconf 85' lang='lat' dir='ltr'>mundum</span> <span class='ocrx_word' id='word_1_79' title='bbox 534 1718 668 1792; x_wconf 89' lang='lat' dir='ltr'>hunca</span> <span class='ocrx_word' id='word_1_80' title='bbox 685 1721 798 1792; x_wconf 91' lang='lat' dir='ltr'>nihilo</span> <span class='ocrx_word' id='word_1_81' title='bbox 816 1721 955 1794; x_wconf 87' lang='lat' dir='ltr'>factum</span> <span class='ocrx_word' id='word_1_82' title='bbox 974 1746 1053 1795; x_wconf 87' lang='lat' dir='ltr'>esse</span> <span class='ocrx_word' id='word_1_83' title='bbox 1072 1721 1084 1793; x_wconf 86' lang='lat'>?</span> 
     </span>
    </p>

    <p class='ocr_par' dir='ltr' id='par_1_4' title="bbox 69 1832 1112 2834">
     <span class='ocr_line' id='line_1_13' title="bbox 119 1832 1111 1923; baseline 0.004 -19"><span class='ocrx_word' id='word_1_84' title='bbox 119 1832 168 1904; x_wconf 88' lang='grc' dir='ltr'>Β.</span> <span class='ocrx_word' id='word_1_85' title='bbox 195 1833 306 1906; x_wconf 83' lang='lat' dir='ltr'>Certe</span> <span class='ocrx_word' id='word_1_86' title='bbox 324 1858 369 1905; x_wconf 92' lang='lat' dir='ltr'>ex</span> <span class='ocrx_word' id='word_1_87' title='bbox 386 1832 501 1905; x_wconf 93' lang='lat' dir='ltr'>nihilo</span> <span class='ocrx_word' id='word_1_88' title='bbox 518 1863 528 1915; x_wconf 92' lang='lat'>;</span> <span class='ocrx_word' id='word_1_89' title='bbox 554 1856 629 1905; x_wconf 91' lang='lat' dir='ltr'>non</span> <span class='ocrx_word' id='word_1_90' title='bbox 647 1845 690 1905; x_wconf 94' lang='lat' dir='ltr'>ut</span> <span class='ocrx_word' id='word_1_91' title='bbox 709 1834 937 1923; x_wconf 80' lang='lat' dir='ltr'>AristoteleS,</span> <span class='ocrx_word' id='word_1_92' title='bbox 965 1859 1010 1907; x_wconf 88' lang='lat' dir='ltr'>ex</span> <span class='ocrx_word' id='word_1_93' title='bbox 1036 1860 1111 1908; x_wconf 90' lang='lat' dir='ltr'>ma·</span> 
     </span>
     <span class='ocr_line' id='line_1_14' title="bbox 69 1945 1111 2042; baseline 0.003 -25"><span class='ocrx_word' id='word_1_94' title='bbox 69 1945 162 2018; x_wconf 91' lang='lat' dir='ltr'>teria</span> <span class='ocrx_word' id='word_1_95' title='bbox 179 1946 447 2042; x_wconf 87' lang='lat' dir='ltr'>praeexistente.</span> <span class='ocrx_word' id='word_1_96' title='bbox 500 1945 679 2040; x_wconf 84' lang='lat' dir='ltr'>Expresse</span> <span class='ocrx_word' id='word_1_97' title='bbox 707 1946 804 2018; x_wconf 92' lang='lat' dir='ltr'>enim</span> <span class='ocrx_word' id='word_1_98' title='bbox 832 1946 971 2020; x_wconf 86' lang='lat' dir='ltr'>dictum</span> <span class='ocrx_word' id='word_1_99' title='bbox 999 1960 1056 2020; x_wconf 90' lang='lat' dir='ltr'>est</span> <span class='ocrx_word' id='word_1_100' title='bbox 1073 1950 1111 2020; x_wconf 91' lang='lat' dir='ltr'>in</span> 
     </span>
     <span class='ocr_line' id='line_1_15' title="bbox 70 2058 1109 2154; baseline 0.001 -22"><span class='ocrx_word' id='word_1_101' title='bbox 70 2058 271 2154; x_wconf 87' lang='lat' dir='ltr'>Scripturis</span> <span class='ocrx_word' id='word_1_102' title='bbox 290 2059 422 2142; x_wconf 66' lang='lat' dir='ltr'>Sacris</span> <span class='ocrx_word' id='word_1_103' title='bbox 436 2058 668 2131; x_wconf 78' lang='lat' dir='ltr'>omnialaeta</span> <span class='ocrx_word' id='word_1_104' title='bbox 681 2084 759 2132; x_wconf 88' lang='lat' dir='ltr'>esse</span> <span class='ocrx_word' id='word_1_105' title='bbox 773 2082 816 2132; x_wconf 92' lang='lat' dir='ltr'>ex</span> <span class='ocrx_word' id='word_1_106' title='bbox 835 2060 962 2133; x_wconf 92' lang='lat' dir='ltr'>nihilo.</span> <span class='ocrx_word' id='word_1_107' title='bbox 988 2062 1109 2134; x_wconf 87' lang='lat' dir='ltr'>Etiam</span> 
     </span>
     <span class='ocr_line' id='line_1_16' title="bbox 69 2169 1111 2267; baseline 0 -22"><span class='ocrx_word' id='word_1_108' title='bbox 69 2172 300 2261; x_wconf 87' lang='lat' dir='ltr'>Aristoteles,</span> <span class='ocrx_word' id='word_1_109' title='bbox 319 2171 382 2267; x_wconf 91' lang='lat' dir='ltr'>qui</span> <span class='ocrx_word' id='word_1_110' title='bbox 406 2169 583 2243; x_wconf 91' lang='lat' dir='ltr'>muudum</span> <span class='ocrx_word' id='word_1_111' title='bbox 602 2170 692 2245; x_wconf 92' lang='lat' dir='ltr'>dicit</span> <span class='ocrx_word' id='word_1_112' title='bbox 710 2196 788 2245; x_wconf 90' lang='lat' dir='ltr'>esse</span> <span class='ocrx_word' id='word_1_113' title='bbox 815 2185 1006 2262; x_wconf 87' lang='lat' dir='ltr'>aeternum,</span> <span class='ocrx_word' id='word_1_114' title='bbox 1026 2174 1111 2246; x_wconf 90' lang='lat' dir='ltr'>sibi-</span> 
     </span>
     <span class='ocr_line' id='line_1_17' title="bbox 70 2283 1111 2379; baseline 0.003 -23"><span class='ocrx_word' id='word_1_115' title='bbox 70 2296 146 2356; x_wconf 90' lang='lat' dir='ltr'>met</span> <span class='ocrx_word' id='word_1_116' title='bbox 162 2284 231 2379; x_wconf 92' lang='lat' dir='ltr'>ipsi</span> <span class='ocrx_word' id='word_1_117' title='bbox 249 2283 481 2358; x_wconf 81' lang='lat' dir='ltr'>contradicit.</span> <span class='ocrx_word' id='word_1_118' title='bbox 509 2283 667 2357; x_wconf 87' lang='lat' dir='ltr'>Materia</span> <span class='ocrx_word' id='word_1_119' title='bbox 683 2285 780 2358; x_wconf 92' lang='lat' dir='ltr'>enim</span> <span class='ocrx_word' id='word_1_120' title='bbox 794 2310 867 2359; x_wconf 93' lang='lat' dir='ltr'>non</span> <span class='ocrx_word' id='word_1_121' title='bbox 880 2286 1026 2373; x_wconf 90' lang='lat' dir='ltr'>dicitur,</span> <span class='ocrx_word' id='word_1_122' title='bbox 1041 2287 1111 2359; x_wconf 95' lang='lat' dir='ltr'>nisi</span> 
     </span>
     <span class='ocr_line' id='line_1_18' title="bbox 70 2395 1111 2495; baseline 0.003 -26"><span class='ocrx_word' id='word_1_123' title='bbox 70 2395 116 2469; x_wconf 89' lang='lat' dir='ltr'>de</span> <span class='ocrx_word' id='word_1_124' title='bbox 134 2420 207 2491; x_wconf 91' lang='lat' dir='ltr'>qua</span> <span class='ocrx_word' id='word_1_125' title='bbox 230 2396 369 2493; x_wconf 86' lang='lat' dir='ltr'>aliquid</span> <span class='ocrx_word' id='word_1_126' title='bbox 394 2397 533 2470; x_wconf 85' lang='lat' dir='ltr'>factum</span> <span class='ocrx_word' id='word_1_127' title='bbox 560 2409 624 2470; x_wconf 91' lang='lat' dir='ltr'>est.</span> <span class='ocrx_word' id='word_1_128' title='bbox 680 2398 893 2494; x_wconf 89' lang='lat' dir='ltr'>Symbolum</span> <span class='ocrx_word' id='word_1_129' title='bbox 924 2423 1012 2495; x_wconf 83' lang='lat' dir='ltr'>ergo</span> <span class='ocrx_word' id='word_1_130' title='bbox 1039 2399 1111 2473; x_wconf 90' lang='lat' dir='ltr'>hoo</span> 
     </span>
     <span class='ocr_line' id='line_1_19' title="bbox 71 2507 1110 2598; baseline 0.006 -18"><span class='ocrx_word' id='word_1_131' title='bbox 71 2507 172 2598; x_wconf 88' lang='lat' dir='ltr'>dicit,</span> <span class='ocrx_word' id='word_1_132' title='bbox 185 2509 304 2583; x_wconf 90' lang='lat' dir='ltr'>Deum</span> <span class='ocrx_word' id='word_1_133' title='bbox 318 2510 498 2582; x_wconf 86' lang='lat' dir='ltr'>factorem</span> <span class='ocrx_word' id='word_1_134' title='bbox 512 2533 590 2582; x_wconf 89' lang='lat' dir='ltr'>esse</span> <span class='ocrx_word' id='word_1_135' title='bbox 604 2510 766 2582; x_wconf 83' lang='lat' dir='ltr'>omniurn</span> <span class='ocrx_word' id='word_1_136' title='bbox 781 2534 903 2583; x_wconf 88' lang='lat' dir='ltr'>rerum</span> <span class='ocrx_word' id='word_1_137' title='bbox 918 2534 962 2584; x_wconf 89' lang='lat' dir='ltr'>ex</span> <span class='ocrx_word' id='word_1_138' title='bbox 973 2512 1087 2586; x_wconf 91' lang='lat' dir='ltr'>nihilo</span> <span class='ocrx_word' id='word_1_139' title='bbox 1101 2546 1110 2597; x_wconf 87' lang='lat'>;</span> 
     </span>
     <span class='ocr_line' id='line_1_20' title="bbox 71 2624 1111 2720; baseline 0.001 -25"><span class='ocrx_word' id='word_1_140' title='bbox 71 2635 120 2712; x_wconf 91' lang='lat' dir='ltr'>et,</span> <span class='ocrx_word' id='word_1_141' title='bbox 140 2624 240 2720; x_wconf 91' lang='lat' dir='ltr'>quod</span> <span class='ocrx_word' id='word_1_142' title='bbox 258 2624 434 2719; x_wconf 85' lang='lat' dir='ltr'>sequitur,</span> <span class='ocrx_word' id='word_1_143' title='bbox 452 2624 571 2697; x_wconf 90' lang='lat' dir='ltr'>suavi</span> <span class='ocrx_word' id='word_1_144' title='bbox 597 2624 708 2696; x_wconf 87' lang='lat' dir='ltr'>habet</span> <span class='ocrx_word' id='word_1_145' title='bbox 731 2636 773 2697; x_wconf 91' lang='lat' dir='ltr'>ut</span> <span class='ocrx_word' id='word_1_146' title='bbox 800 2624 944 2713; x_wconf 87' lang='lat' dir='ltr'>existat,</span> <span class='ocrx_word' id='word_1_147' title='bbox 971 2648 1046 2698; x_wconf 89' lang='lat' dir='ltr'>non</span> <span class='ocrx_word' id='word_1_148' title='bbox 1064 2625 1111 2697; x_wconf 93' lang='lat' dir='ltr'>ab</span> 
     </span>
     <span class='ocr_line' id='line_1_21' title="bbox 70 2735 1112 2834; baseline 0 -25"><span class='ocrx_word' id='word_1_149' title='bbox 70 2735 168 2821; x_wconf 87' lang='lat' dir='ltr'>alio;</span> <span class='ocrx_word' id='word_1_150' title='bbox 196 2749 233 2809; x_wconf 94' lang='lat' dir='ltr'>et</span> <span class='ocrx_word' id='word_1_151' title='bbox 258 2736 414 2834; x_wconf 91' lang='lat' dir='ltr'>proinde</span> <span class='ocrx_word' id='word_1_152' title='bbox 433 2737 545 2809; x_wconf 88' lang='lat' dir='ltr'>etiam</span> <span class='ocrx_word' id='word_1_153' title='bbox 563 2736 687 2809; x_wconf 85' lang='lat' dir='ltr'>existit</span> <span class='ocrx_word' id='word_1_154' title='bbox 708 2737 753 2808; x_wconf 85' lang='lat' dir='ltr'>ab</span> <span class='ocrx_word' id='word_1_155' title='bbox 772 2748 936 2820; x_wconf 89' lang='lat' dir='ltr'>aeterno;</span> <span class='ocrx_word' id='word_1_156' title='bbox 963 2749 1000 2809; x_wconf 92' lang='lat' dir='ltr'>et</span> <span class='ocrx_word' id='word_1_157' title='bbox 1026 2737 1112 2833; x_wconf 88' lang='lat' dir='ltr'>quia</span> 
     </span>
    </p>
   </div>
   <div class='ocr_carea' id='block_1_3' title="bbox 1149 623 1293 737">
    <p class='ocr_par' dir='ltr' id='par_1_5' title="bbox 1149 623 1293 737">
     <span class='ocr_line' id='line_1_22' title="bbox 1162 623 1277 672; baseline 0 0"><span class='ocrx_word' id='word_1_158' title='bbox 1162 623 1241 672; x_wconf 78' lang='lat' dir='ltr'>CAP.</span> <span class='ocrx_word' id='word_1_159' title='bbox 1253 623 1277 672; x_wconf 88' lang='lat' dir='ltr'>l.</span> 
     </span>
     <span class='ocr_line' id='line_1_23' title="bbox 1149 703 1293 737; baseline 0 -11"><span class='ocrx_word' id='word_1_160' title='bbox 1149 703 1293 737; x_wconf 50' lang='grc' dir='ltr'>...γ-ι</span> 
     </span>
    </p>
   </div>
   <div class='ocr_carea' id='block_1_4' title="bbox 1152 758 1295 868">
    <p class='ocr_par' dir='ltr' id='par_1_6' title="bbox 1152 758 1295 868">
     <span class='ocr_line' id='line_1_24' title="bbox 1152 758 1295 816; baseline 0 -13"><span class='ocrx_word' id='word_1_161' title='bbox 1152 760 1186 803; x_wconf 84' lang='lat' dir='ltr'>Da</span> <span class='ocrx_word' id='word_1_162' title='bbox 1195 758 1295 816; x_wconf 75' lang='lat' dir='ltr'>symbolo</span> 
     </span>
     <span class='ocr_line' id='line_1_25' title="bbox 1152 825 1243 868; baseline -0.022 0"><span class='ocrx_word' id='word_1_163' title='bbox 1152 825 1243 868; x_wconf 67' lang='lat' dir='ltr'>Sicano.</span> 
     </span>
    </p>
   </div>
   <div class='ocr_carea' id='block_1_5' title="bbox 70 2849 1227 2946">
    <p class='ocr_par' dir='ltr' id='par_1_7' title="bbox 70 2849 1227 2946">
     <span class='ocr_line' id='line_1_26' title="bbox 70 2849 1227 2946; baseline 0.001 -24"><span class='ocrx_word' id='word_1_164' title='bbox 70 2874 145 2922; x_wconf 93' lang='lat' dir='ltr'>non</span> <span class='ocrx_word' id='word_1_165' title='bbox 159 2849 230 2922; x_wconf 84' lang='lat' dir='ltr'>fuit</span> <span class='ocrx_word' id='word_1_166' title='bbox 247 2850 310 2946; x_wconf 93' lang='lat' dir='ltr'>qui</span> <span class='ocrx_word' id='word_1_167' title='bbox 329 2850 409 2923; x_wconf 91' lang='lat' dir='ltr'>Deo</span> <span class='ocrx_word' id='word_1_168' title='bbox 425 2849 528 2923; x_wconf 90' lang='lat' dir='ltr'>dedit</span> <span class='ocrx_word' id='word_1_169' title='bbox 541 2862 583 2923; x_wconf 90' lang='lat' dir='ltr'>ut</span> <span class='ocrx_word' id='word_1_170' title='bbox 597 2849 783 2940; x_wconf 87' lang='lat' dir='ltr'>existeret,</span> <span class='ocrx_word' id='word_1_171' title='bbox 798 2851 889 2923; x_wconf 91' lang='lat' dir='ltr'>nihil</span> <span class='ocrx_word' id='word_1_172' title='bbox 913 2850 1022 2924; x_wconf 90' lang='lat' dir='ltr'>etiam</span> <span class='ocrx_word' id='word_1_173' title='bbox 1042 2851 1112 2923; x_wconf 91' lang='lat' dir='ltr'>erit</span> <span class='ocrx_word' id='word_1_174' title='bbox 1224 2927 1227 2934; x_wconf 74' lang='grc'>,</span> 
     </span>
    </p>
   </div>
   <div class='ocr_carea' id='block_1_6' title="bbox 69 2963 1115 4395">
    <p class='ocr_par' dir='ltr' id='par_1_8' title="bbox 69 2963 1115 4395">
     <span class='ocr_line' id='line_1_27' title="bbox 71 2963 1111 3060; baseline 0 -24"><span class='ocrx_word' id='word_1_175' title='bbox 71 2963 172 3059; x_wconf 90' lang='lat' dir='ltr'>quod</span> <span class='ocrx_word' id='word_1_176' title='bbox 189 2964 308 3060; x_wconf 89' lang='lat' dir='ltr'>ipsum</span> <span class='ocrx_word' id='word_1_177' title='bbox 326 2965 437 3037; x_wconf 89' lang='lat' dir='ltr'>faciet</span> <span class='ocrx_word' id='word_1_178' title='bbox 453 2987 529 3036; x_wconf 92' lang='lat' dir='ltr'>non</span> <span class='ocrx_word' id='word_1_179' title='bbox 544 2963 713 3036; x_wconf 86' lang='lat' dir='ltr'>existere.</span> <span class='ocrx_word' id='word_1_180' title='bbox 764 2964 832 3036; x_wconf 89' lang='lat' dir='ltr'>Est</span> <span class='ocrx_word' id='word_1_181' title='bbox 846 2987 934 3060; x_wconf 85' lang='lat' dir='ltr'>ergo</span> <span class='ocrx_word' id='word_1_182' title='bbox 948 2964 1047 3037; x_wconf 89' lang='lat' dir='ltr'>Deus</span> <span class='ocrx_word' id='word_1_183' title='bbox 1065 2964 1111 3036; x_wconf 88' lang='lat' dir='ltr'>ab</span> 
     </span>
     <span class='ocr_line' id='line_1_28' title="bbox 70 3076 1110 3165; baseline 0 -15"><span class='ocrx_word' id='word_1_184' title='bbox 70 3088 208 3150; x_wconf 87' lang='lat' dir='ltr'>aeterno</span> <span class='ocrx_word' id='word_1_185' title='bbox 224 3089 262 3148; x_wconf 91' lang='lat' dir='ltr'>et</span> <span class='ocrx_word' id='word_1_186' title='bbox 279 3077 317 3151; x_wconf 91' lang='lat' dir='ltr'>in</span> <span class='ocrx_word' id='word_1_187' title='bbox 336 3088 528 3149; x_wconf 85' lang='lat' dir='ltr'>aeternum.</span> <span class='ocrx_word' id='word_1_188' title='bbox 581 3076 675 3151; x_wconf 77' lang='lat' dir='ltr'>Quae</span> <span class='ocrx_word' id='word_1_189' title='bbox 686 3100 772 3149; x_wconf 88' lang='lat' dir='ltr'>vero</span> <span class='ocrx_word' id='word_1_190' title='bbox 786 3089 911 3150; x_wconf 88' lang='lat' dir='ltr'>creata</span> <span class='ocrx_word' id='word_1_191' title='bbox 928 3090 1025 3165; x_wconf 90' lang='lat' dir='ltr'>suut,</span> <span class='ocrx_word' id='word_1_192' title='bbox 1036 3101 1110 3150; x_wconf 92' lang='lat' dir='ltr'>non</span> 
     </span>
     <span class='ocr_line' id='line_1_29' title="bbox 71 3189 1111 3285; baseline 0 -23"><span class='ocrx_word' id='word_1_193' title='bbox 71 3202 158 3262; x_wconf 92' lang='lat' dir='ltr'>sunt</span> <span class='ocrx_word' id='word_1_194' title='bbox 188 3190 233 3262; x_wconf 92' lang='lat' dir='ltr'>ab</span> <span class='ocrx_word' id='word_1_195' title='bbox 264 3200 414 3279; x_wconf 87' lang='lat' dir='ltr'>aeterno,</span> <span class='ocrx_word' id='word_1_196' title='bbox 434 3189 520 3285; x_wconf 90' lang='lat' dir='ltr'>quia</span> <span class='ocrx_word' id='word_1_197' title='bbox 536 3201 685 3274; x_wconf 80' lang='lat' dir='ltr'>oreata3</span> <span class='ocrx_word' id='word_1_198' title='bbox 721 3189 758 3262; x_wconf 90' lang='lat' dir='ltr'>iu</span> <span class='ocrx_word' id='word_1_199' title='bbox 784 3200 964 3263; x_wconf 62' lang='lat' dir='ltr'>aeternum</span> <span class='ocrx_word' id='word_1_200' title='bbox 988 3209 1111 3263; x_wconf 90' lang='lat' dir='ltr'>autem</span> 
     </span>
     <span class='ocr_line' id='line_1_30' title="bbox 71 3302 1113 3398; baseline 0.001 -24"><span class='ocrx_word' id='word_1_201' title='bbox 71 3314 190 3391; x_wconf 90' lang='lat' dir='ltr'>erunt,</span> <span class='ocrx_word' id='word_1_202' title='bbox 217 3326 290 3398; x_wconf 88' lang='lat' dir='ltr'>qua</span> <span class='ocrx_word' id='word_1_203' title='bbox 317 3302 436 3374; x_wconf 85' lang='lat' dir='ltr'>forma</span> <span class='ocrx_word' id='word_1_204' title='bbox 462 3314 500 3374; x_wconf 90' lang='lat' dir='ltr'>et</span> <span class='ocrx_word' id='word_1_205' title='bbox 528 3302 648 3397; x_wconf 87' lang='lat' dir='ltr'>specie</span> <span class='ocrx_word' id='word_1_206' title='bbox 672 3302 748 3374; x_wconf 92' lang='lat' dir='ltr'>vult</span> <span class='ocrx_word' id='word_1_207' title='bbox 775 3302 897 3386; x_wconf 89' lang='lat' dir='ltr'>Deus;</span> <span class='ocrx_word' id='word_1_208' title='bbox 924 3327 1009 3375; x_wconf 88' lang='lat' dir='ltr'>narn</span> <span class='ocrx_word' id='word_1_209' title='bbox 1041 3327 1113 3375; x_wconf 89' lang='lat' dir='ltr'>ooe·</span> 
     </span>
     <span class='ocr_line' id='line_1_31' title="bbox 70 3414 1113 3512; baseline 0.001 -25"><span class='ocrx_word' id='word_1_210' title='bbox 70 3414 146 3487; x_wconf 92' lang='lat' dir='ltr'>lum</span> <span class='ocrx_word' id='word_1_211' title='bbox 174 3427 213 3487; x_wconf 90' lang='lat' dir='ltr'>et</span> <span class='ocrx_word' id='word_1_212' title='bbox 236 3426 335 3486; x_wconf 90' lang='lat' dir='ltr'>terra</span> <span class='ocrx_word' id='word_1_213' title='bbox 356 3414 643 3503; x_wconf 89' lang='lat' dir='ltr'>renovabuntur,</span> <span class='ocrx_word' id='word_1_214' title='bbox 662 3427 700 3487; x_wconf 91' lang='lat' dir='ltr'>et</span> <span class='ocrx_word' id='word_1_215' title='bbox 722 3440 930 3512; x_wconf 88' lang='lat' dir='ltr'>quanquam</span> <span class='ocrx_word' id='word_1_216' title='bbox 955 3415 1113 3489; x_wconf 92' lang='lat' dir='ltr'>mundns</span> 
     </span>
     <span class='ocr_line' id='line_1_32' title="bbox 71 3527 1112 3626; baseline 0.003 -27"><span class='ocrx_word' id='word_1_217' title='bbox 71 3527 322 3623; x_wconf 83' lang='lat' dir='ltr'>conflagrabit,</span> <span class='ocrx_word' id='word_1_218' title='bbox 341 3539 556 3600; x_wconf 86' lang='lat' dir='ltr'>nontamen</span> <span class='ocrx_word' id='word_1_219' title='bbox 580 3529 854 3617; x_wconf 87' lang='lat' dir='ltr'>annihilabitur,</span> <span class='ocrx_word' id='word_1_220' title='bbox 881 3529 946 3602; x_wconf 86' lang='lat' dir='ltr'>sed</span> <span class='ocrx_word' id='word_1_221' title='bbox 970 3554 1112 3626; x_wconf 90' lang='lat' dir='ltr'>perma-</span> 
     </span>
     <span class='ocr_line' id='line_1_33' title="bbox 70 3640 1112 3738; baseline 0.001 -25"><span class='ocrx_word' id='word_1_222' title='bbox 70 3640 210 3714; x_wconf 90' lang='lat' dir='ltr'>nebunt</span> <span class='ocrx_word' id='word_1_223' title='bbox 222 3641 321 3714; x_wconf 88' lang='lat' dir='ltr'>entia</span> <span class='ocrx_word' id='word_1_224' title='bbox 334 3641 457 3714; x_wconf 91' lang='lat' dir='ltr'>realia.</span> <span class='ocrx_word' id='word_1_225' title='bbox 503 3641 600 3714; x_wconf 89' lang='lat' dir='ltr'>Deus</span> <span class='ocrx_word' id='word_1_226' title='bbox 618 3654 741 3715; x_wconf 89' lang='lat' dir='ltr'>autem</span> <span class='ocrx_word' id='word_1_227' title='bbox 760 3642 822 3738; x_wconf 93' lang='lat' dir='ltr'>qui</span> <span class='ocrx_word' id='word_1_228' title='bbox 839 3666 956 3738; x_wconf 88' lang='lat' dir='ltr'>neque</span> <span class='ocrx_word' id='word_1_229' title='bbox 974 3643 1021 3716; x_wconf 86' lang='lat' dir='ltr'>ab</span> <span class='ocrx_word' id='word_1_230' title='bbox 1040 3643 1112 3715; x_wconf 89' lang='lat' dir='ltr'>alio</span> 
     </span>
     <span class='ocr_line' id='line_1_34' title="bbox 69 3754 1113 3852; baseline 0.001 -26"><span class='ocrx_word' id='word_1_231' title='bbox 69 3777 189 3849; x_wconf 89' lang='lat' dir='ltr'>neque</span> <span class='ocrx_word' id='word_1_232' title='bbox 219 3779 242 3827; x_wconf 89' lang='lat' dir='ltr'>a</span> <span class='ocrx_word' id='word_1_233' title='bbox 272 3778 311 3827; x_wconf 91' lang='lat' dir='ltr'>se</span> <span class='ocrx_word' id='word_1_234' title='bbox 340 3754 461 3828; x_wconf 85' lang='lat' dir='ltr'>factus</span> <span class='ocrx_word' id='word_1_235' title='bbox 497 3767 562 3844; x_wconf 86' lang='lat' dir='ltr'>est,</span> <span class='ocrx_word' id='word_1_236' title='bbox 590 3780 663 3828; x_wconf 90' lang='lat' dir='ltr'>non</span> <span class='ocrx_word' id='word_1_237' title='bbox 688 3768 810 3852; x_wconf 89' lang='lat' dir='ltr'>potest</span> <span class='ocrx_word' id='word_1_238' title='bbox 835 3757 969 3828; x_wconf 88' lang='lat' dir='ltr'>mutari</span> <span class='ocrx_word' id='word_1_239' title='bbox 995 3780 1113 3852; x_wconf 87' lang='lat' dir='ltr'>neque</span> 
     </span>
     <span class='ocr_line' id='line_1_35' title="bbox 70 3868 1114 3964; baseline 0.002 -25"><span class='ocrx_word' id='word_1_240' title='bbox 70 3869 384 3963; x_wconf 88' lang='lat' dir='ltr'>metamorphosin</span> <span class='ocrx_word' id='word_1_241' title='bbox 402 3868 493 3964; x_wconf 91' lang='lat' dir='ltr'>pati,</span> <span class='ocrx_word' id='word_1_242' title='bbox 507 3892 626 3963; x_wconf 86' lang='lat' dir='ltr'>neque</span> <span class='ocrx_word' id='word_1_243' title='bbox 644 3893 666 3941; x_wconf 91' lang='lat' dir='ltr'>a</span> <span class='ocrx_word' id='word_1_244' title='bbox 683 3892 722 3940; x_wconf 89' lang='lat' dir='ltr'>se</span> <span class='ocrx_word' id='word_1_245' title='bbox 741 3892 860 3963; x_wconf 88' lang='lat' dir='ltr'>neque</span> <span class='ocrx_word' id='word_1_246' title='bbox 879 3870 924 3940; x_wconf 91' lang='lat' dir='ltr'>ab</span> <span class='ocrx_word' id='word_1_247' title='bbox 936 3870 1029 3952; x_wconf 86' lang='lat' dir='ltr'>alio;</span> <span class='ocrx_word' id='word_1_248' title='bbox 1049 3868 1114 3942; x_wconf 91' lang='lat' dir='ltr'>sed</span> 
     </span>
     <span class='ocr_line' id='line_1_36' title="bbox 71 3980 1110 4074; baseline 0.003 -23"><span class='ocrx_word' id='word_1_249' title='bbox 71 3992 128 4052; x_wconf 88' lang='lat' dir='ltr'>est</span> <span class='ocrx_word' id='word_1_250' title='bbox 145 3980 394 4069; x_wconf 76' lang='lat' dir='ltr'>immutabiliS,</span> <span class='ocrx_word' id='word_1_251' title='bbox 413 3992 451 4052; x_wconf 93' lang='lat' dir='ltr'>et</span> <span class='ocrx_word' id='word_1_252' title='bbox 477 3980 571 4073; x_wconf 88' lang='lat' dir='ltr'>(sine</span> <span class='ocrx_word' id='word_1_253' title='bbox 586 3980 764 4053; x_wconf 89' lang='lat' dir='ltr'>mixtione</span> <span class='ocrx_word' id='word_1_254' title='bbox 783 3980 844 4053; x_wconf 91' lang='lat' dir='ltr'>illa</span> <span class='ocrx_word' id='word_1_255' title='bbox 862 3981 1110 4074; x_wconf 74' lang='lat' dir='ltr'>Aristotelian)</span> 
     </span>
     <span class='ocr_line' id='line_1_37' title="bbox 71 4093 1115 4190; baseline 0.002 -25"><span class='ocrx_word' id='word_1_256' title='bbox 71 4094 369 4190; x_wconf 75' lang='lat' dir='ltr'>simplicissimus.</span> <span class='ocrx_word' id='word_1_257' title='bbox 423 4093 516 4168; x_wconf 79' lang='lat' dir='ltr'>Quae</span> <span class='ocrx_word' id='word_1_258' title='bbox 534 4093 657 4165; x_wconf 87' lang='lat' dir='ltr'>omnia</span> <span class='ocrx_word' id='word_1_259' title='bbox 670 4094 860 4181; x_wconf 88' lang='lat' dir='ltr'>attributa,</span> <span class='ocrx_word' id='word_1_260' title='bbox 873 4094 1037 4189; x_wconf 87' lang='lat' dir='ltr'>simplex,</span> <span class='ocrx_word' id='word_1_261' title='bbox 1048 4095 1115 4167; x_wconf 92' lang='lat' dir='ltr'>im-</span> 
     </span>
     <span class='ocr_line' id='line_1_38' title="bbox 70 4206 1113 4301; baseline 0 -22"><span class='ocrx_word' id='word_1_262' title='bbox 70 4208 267 4297; x_wconf 90' lang='lat' dir='ltr'>mutabilis,</span> <span class='ocrx_word' id='word_1_263' title='bbox 280 4220 451 4295; x_wconf 86' lang='lat' dir='ltr'>aeternus,</span> <span class='ocrx_word' id='word_1_264' title='bbox 465 4207 560 4279; x_wconf 88' lang='lat' dir='ltr'>siout</span> <span class='ocrx_word' id='word_1_265' title='bbox 571 4231 615 4279; x_wconf 93' lang='lat' dir='ltr'>ex</span> <span class='ocrx_word' id='word_1_266' title='bbox 631 4207 749 4279; x_wconf 89' lang='lat' dir='ltr'>verbis</span> <span class='ocrx_word' id='word_1_267' title='bbox 761 4207 915 4301; x_wconf 90' lang='lat' dir='ltr'>symboli</span> <span class='ocrx_word' id='word_1_268' title='bbox 927 4206 1113 4279; x_wconf 87' lang='lat' dir='ltr'>deducun-</span> 
     </span>
     <span class='ocr_line' id='line_1_39' title="bbox 176 4342 1013 4395; baseline -0.001 -2"><span class='ocrx_word' id='word_1_269' title='bbox 176 4343 269 4393; x_wconf 78' lang='lat' dir='ltr'>von.</span> <span class='ocrx_word' id='word_1_270' title='bbox 284 4342 348 4395; x_wconf 84' lang='lat'>111.</span> <span class='ocrx_word' id='word_1_271' title='bbox 954 4343 1013 4394; x_wconf 79' lang='lat' dir='ltr'>nr.</span> 
     </span>
    </p>
   </div>
   <div class='ocr_carea' id='block_1_7' title="bbox 0 0 1474 4980">
    <p class='ocr_par' dir='ltr' id='par_1_9' title="bbox 0 0 1474 4980">
     <span class='ocr_line' id='line_1_40' title="bbox 0 0 1474 4980; baseline 0 0"><span class='ocrx_word' id='word_1_272' title='bbox 0 0 1474 4980; x_wconf 95' lang='lat' dir='ltr'> </span> 
     </span>
    </p>
   </div>
  </div>
 </body>
</html>
