2926 4980
309 320 381 403 276
549 341 604 394 nn
623 341 816 395 crvrmru
836 341 1103 395 cuursrmua.

106 534 172 584 ur.
180 535 296 587 χχχιιι
309 506 490 603 posterius
501 520 590 581 erat.
620 510 724 584 Sicut
734 511 831 585 enim
843 510 955 584 libros
964 510 1191 584 Testamenti
1203 510 1350 584 Veteris

106 618 282 731 >effi
309 619 417 692 altius
435 620 599 694 derivare
617 646 692 696 non
714 623 911 718 potuimuS,
930 649 1038 719 quam
1066 625 1113 697 ab
1137 622 1265 711 Esdra,
1286 623 1350 720 qui

105 732 444 852 {pffiffffippauxilio
466 733 622 830 Spiritus
649 736 776 809 Sancti
797 737 959 833 perditos
981 736 1162 819 restituit;
1189 735 1242 808 ita
1264 735 1350 808 libri

106 841 298 929 mesonma
309 846 532 920 Testamenti
560 849 655 922 Novi
683 851 729 923 ab
754 850 883 924 altiore
904 862 1068 946 tempore
1093 848 1250 922 derivari
1272 872 1350 922 non

106 949 272 982 ”mm
307 976 473 1055 possunt,
489 986 598 1057 quam
616 964 661 1035 ab
680 988 735 1054 eo,
755 988 825 1060 quo
844 977 1002 1038 rectores
1016 964 1253 1036 ecclesiarum
1265 962 1349 1036 illos

308 1069 545 1168 collegerant,
562 1078 819 1171 probaverant,
838 1088 875 1150 et
891 1088 933 1150 ut
947 1077 1102 1173 scriptos
1115 1077 1162 1149 ab
1174 1075 1350 1171 apostolis

308 1194 346 1257 et
363 1184 549 1283 discipulis
569 1188 718 1274 Christi,
738 1214 892 1286 quorum
909 1191 1118 1263 nominibus
1142 1189 1349 1264 inscribun-

308 1309 380 1387 tur,
391 1299 497 1373 nobis
508 1302 864 1376 commendaverant.
916 1303 1152 1377 Enumeratio
1171 1303 1350 1377 librorum

307 1421 386 1484 tum
404 1412 547 1487 Veteris
577 1425 656 1487 tum
685 1416 780 1488 Novi
808 1416 1035 1489 Testamenti
1063 1415 1194 1512 prima,
1224 1429 1281 1488 est
1309 1417 1349 1490 in

308 1527 509 1599 canonibus
543 1529 791 1624 apostolorum
821 1531 921 1603 facta
945 1554 967 1602 a
993 1530 1192 1618 Clemente,
1228 1529 1349 1626 primo

306 1650 392 1737 post
409 1641 556 1713 Petrum
581 1642 751 1737 episcopo
771 1644 948 1716 Romano.
1002 1642 1075 1714 Sed
1099 1643 1273 1738 quoniam
1302 1643 1349 1716 de

308 1752 509 1825 canonibus
531 1752 602 1825 illis
628 1755 877 1829 controversia
900 1768 967 1844 est,
987 1755 1187 1852 Scripturae
1212 1757 1348 1844 Sacrae,

307 1865 452 1961 qualem
477 1866 654 1940 habemus
684 1892 793 1958 nunc,
817 1869 978 1965 receptio
1005 1869 1154 1965 publica
1181 1869 1348 1943 Concilio

307 1978 523 2052 Laodicensi
534 1980 768 2054 attribuenda
778 1994 850 2065 est;
863 1982 1170 2077 quodConcilium
1181 1983 1349 2056 habitum

307 2103 364 2165 est
377 2115 472 2165 anno
485 2105 570 2188 post
588 2093 773 2167 Christum
792 2109 919 2167 natum
938 2095 1087 2168 ccclxiv.
1127 2095 1349 2190 Quanquam

306 2217 429 2281 autem
458 2231 501 2280 eo
519 2220 683 2304 tempore
700 2208 799 2305 apud
813 2210 990 2282 Doctores
1007 2208 1178 2280 Ecclesiae
1195 2208 1348 2282 ambitio

306 2321 558 2418 praevaluerat,
573 2321 609 2393 in
629 2334 785 2410 tantum,
794 2334 838 2394 ut
853 2323 1090 2418 imperatores
1104 2321 1212 2394 etiam
1226 2320 1349 2395 Chris·

307 2436 426 2510 tianos
436 2459 503 2531 pro
515 2435 655 2526 ovibuS,
662 2461 735 2509 non
747 2460 814 2533 pro
824 2436 1044 2531 pastoribus,
1059 2447 1097 2507 et
1107 2434 1348 2529 imperatores

306 2573 381 2622 non
409 2548 636 2622 Christianos
662 2574 729 2645 pro
753 2550 848 2646 lupis
871 2550 1060 2637 haberent,
1089 2547 1348 2643 doctrinasque

307 2686 391 2735 suas
407 2686 475 2758 pro
493 2662 646 2759 legibus,
660 2687 735 2736 non
752 2688 820 2760 pro
839 2662 1000 2750 consilio,
1011 2662 1132 2734 valere
1144 2660 1291 2749 vellent,
1309 2673 1349 2734 et

307 2776 352 2848 de
365 2776 435 2871 piis
449 2775 638 2847 fraudibus
653 2777 817 2872 cogitare
833 2776 1055 2871 inciperent;
1073 2785 1271 2846 nontamen
1282 2772 1348 2845 ad-

307 2889 434 2977 ducor,
451 2900 493 2962 ut
510 2888 590 2962 illos
608 2888 754 2961 credam
771 2887 990 2983 exemplaria
1006 2886 1232 2959 Testamenti
1249 2887 1349 2958 Novi

306 3002 524 3098 corrupisse,
543 3003 581 3074 in
602 3003 769 3075 manibus
794 3026 921 3075 eorum
945 3001 1030 3073 solis
1052 3011 1141 3073 tunc
1159 2999 1234 3072 fere
1252 2999 1348 3072 exis-

305 3116 433 3190 tentia.
487 3115 580 3188 Nam
600 3117 629 3188 si
643 3117 713 3188 hoc
728 3116 849 3188 facere
862 3115 1072 3203 voluissent,
1086 3113 1262 3186 doctrinis
1273 3112 1347 3186 suis

307 3229 431 3302 multis
462 3228 634 3301 fecissent
660 3228 723 3300 illa
752 3228 868 3322 magis
896 3227 1120 3300 favorabilia.
1184 3225 1347 3298 Dubium

307 3342 420 3438 igitur
434 3365 508 3414 non
522 3353 589 3430 est,
602 3341 689 3436 quin
700 3342 947 3429 Testamenta,
959 3341 1074 3412 Vetus
1086 3352 1123 3412 et
1134 3341 1292 3427 Novum,
1304 3348 1348 3411 ut

305 3481 404 3529 nunc
430 3466 569 3542 extant,
596 3469 834 3529 monumenta
861 3479 947 3527 vera
972 3455 1046 3526 sint
1072 3476 1197 3526 earum
1223 3475 1346 3524 rerum

307 3593 388 3665 quae
406 3569 514 3641 dictae
533 3581 571 3640 et
587 3569 697 3643 factae
719 3582 805 3642 sunt
831 3594 854 3642 a
875 3567 1076 3665 prophetis,
1095 3579 1132 3639 et
1158 3564 1346 3662 apostolis,

306 3694 344 3755 et
370 3682 449 3754 aliis
482 3682 681 3778 Scripturae
713 3684 834 3755 Sacrae
869 3681 1120 3777 scriptoribus.
1184 3678 1347 3751 Dubium

306 3796 417 3870 etiam
443 3809 596 3869 nonest
623 3796 712 3890 quin
736 3794 897 3890 potuerit
923 3792 1076 3866 ecclesia
1101 3792 1140 3864 in
1167 3814 1346 3864 canonem

306 3909 415 3983 etiam
434 3909 524 3981 alios
540 3908 653 3981 libros
671 3907 832 4003 recipere
849 3931 872 3979 a
886 3907 908 3980 J
912 3906 1037 3993 udaeis,
1049 3928 1256 4002 quanquam
1279 3903 1347 3975 lin·

304 4046 379 4118 gua
392 4022 552 4095 Hebraea
563 4045 638 4094 non
649 4021 850 4117 scriptos,si
861 4020 971 4094 modo
983 4021 1125 4093 caeteris
1140 4018 1347 4091 doctrinam

306 4159 380 4209 non
398 4137 619 4209 contrariam
637 4135 913 4209 continuissent.
967 4134 1053 4206 Non
1071 4133 1168 4206 enim
1186 4156 1208 4203 a
1231 4130 1346 4226 scrip-

306 4249 397 4321 toris
423 4248 590 4338 dialecto,
608 4247 673 4320 sed
698 4272 720 4319 a
746 4246 924 4337 doctrina,
952 4245 1158 4343 partimque
1185 4243 1296 4316 etiam
1322 4267 1345 4316 a
