2926 4980
337 356 409 422 216
719 375 773 426 nu
793 375 999 428 arvus-ru.

126 563 323 615 cnaxxvn.
387 535 431 607 Id
447 537 546 667 quod
562 537 700 613 factum
717 541 865 638 aliquod
880 543 988 639 plane
1007 550 1167 628 excusat,
1184 549 1371 611 naturam·

142 649 296 748 ὦ
338 673 409 746 que
423 651 583 724 criminis
600 653 716 749 ipsam
730 656 837 745 tollit,
852 657 941 729 nihil
960 679 1039 729 esse
1052 666 1173 751 potest
1184 662 1321 747 praeter
1334 646 1373 718 id

138 768 318 885 Zssss‘ffiffi„
337 762 437 858 quod
453 763 544 857 legis
561 765 822 861 obligationem
842 769 949 842 simul
972 768 1081 841 tollit
1134 764 1245 840 Quod
1274 762 1371 834 enim

140 900 308 945 amanum
337 886 466 948 contra
486 877 604 972 legem
630 880 741 952 semel
767 882 998 954 commissum
1023 892 1091 966 est,
1108 878 1146 950 in
1170 901 1226 964 eo,
1245 898 1308 971 qur
1297 873 1372 946 'ad

335 987 454 1083 legem
477 992 692 1064 servandam
715 994 908 1090 obligatur,
925 993 1128 1068 necessario
1146 991 1285 1063 crimen
1303 998 1369 1060 est.

386 1102 520 1197 Legem
545 1128 764 1200 cognoscere
778 1130 852 1178 non
862 1107 1024 1202 potuisse
1037 1104 1199 1178 totaliter
1209 1111 1369 1175 excusat.

336 1214 393 1287 Illi
411 1215 509 1288 enim
524 1215 584 1288 lex
600 1217 763 1291 nondum
777 1231 843 1292 est.

387 1328 461 1402 Qui
488 1330 583 1402 hello
611 1343 751 1427 captus,
781 1333 839 1405 vel
869 1333 906 1403 in
936 1333 1102 1404 manibus
1127 1330 1287 1402 hostium
1312 1339 1369 1400 ut-

336 1464 479 1535 cunque
498 1442 668 1532 existens,
690 1445 744 1537 (iu
771 1444 939 1516 manibus
962 1454 1085 1517 autem
1110 1442 1270 1513 hostium
1291 1463 1369 1512 esse

335 1552 430 1641 dico,
449 1554 510 1648 qui
528 1555 586 1626 vel
602 1555 690 1651 ipse,
708 1556 766 1629 vel
778 1557 875 1629 bona
892 1581 957 1629 sua
974 1556 1022 1629 ad
1033 1554 1229 1627 vivendum
1243 1565 1369 1626 neces·

334 1665 440 1745 saria,
459 1667 504 1738 ab
521 1667 627 1740 hoste
645 1682 882 1765 occupantur,
899 1693 968 1742 nec
991 1693 1057 1742 sua
1082 1667 1192 1764 ipsius
1206 1667 1314 1762 culpa
1331 1668 1370 1738 in

334 1802 463 1851 manus
487 1780 646 1852 hostium
663 1782 835 1870 venerit),
854 1806 927 1854 non
941 1782 1096 1877 amplius
1113 1780 1193 1875 lege
1211 1779 1368 1851 civitatis

334 1891 526 1986 obligatur.
579 1893 689 1967 Hosti
706 1895 802 1967 enim
821 1893 1062 1967 obediendum
1081 1905 1136 1965 est
1155 1893 1368 1979 necessario,

335 2014 399 2077 aut
431 2005 686 2091 moriendum
720 2007 832 2079 vitam
863 2019 986 2079 autem
1020 2027 1234 2078 conservare
1269 2004 1368 2077 omni

335 2116 444 2189 modo
461 2117 602 2189 licitum
620 2129 687 2191 est.

386 2230 424 2302 Si
442 2230 523 2326 quis
536 2231 584 2303 ud
600 2230 807 2304 faciendum
820 2231 957 2326 aliquid
970 2241 1097 2302 contra
1110 2230 1227 2325 legem
1240 2231 1369 2302 mortis

334 2345 557 2417 imminentis
585 2359 686 2418 metu
712 2345 917 2440 compulsus
943 2345 1001 2431 sit,
1019 2344 1125 2439 plene
1152 2355 1366 2425 excusatum

336 2458 421 2552 quia
436 2457 520 2530 vitae
538 2483 614 2532 suae
635 2458 946 2531 conservationem
973 2456 1156 2551 negligere
1179 2479 1285 2528 nemo
1303 2443 1368 2527 oh·
1448 2496 1452 2501 -

334 2569 479 2666 ligatur.
520 2571 715 2698 Supposito
730 2571 826 2642 enirn
840 2569 939 2666 quod
952 2569 1133 2662 obligatus
1151 2580 1246 2640 esset
1249 2569 1368 2664 ,cogi-

334 2694 430 2754 taret
441 2696 576 2770 tamen,
588 2709 660 2755 aasz
655 2684 880 2779 sacram,
882 2692 972 2754 rm
985 2705 1147 2762 morior
1165 2705 1198 2751 az
1193 2681 1367 2776 fueram

327 2807 420 2893 port
437 2798 578 2868 moriar
584 2797 790 2893 ;saciendo
804 2795 960 2892 crgocit
962 2819 1020 2865 arn
1037 2794 1368 2890 aliquamdiupro-

334 2909 439 2981 duco.
491 2909 693 3004 Compellet
713 2932 800 3003 ergo
818 2909 865 2980 ad
881 2906 1088 2979 faciendum
1106 2918 1237 2978 natura
1252 2907 1341 3001 ipsa.

384 3022 458 3096 Qui
483 3022 665 3093 alimentis
691 3021 815 3092 aliisve
837 3022 944 3093 rebus
962 3020 1010 3092 ad
1025 3021 1138 3091 vitam
1155 3019 1367 3091 necessariis

334 3133 530 3207 destitutus
557 3148 624 3223 est,
643 3159 760 3230 neque
786 3135 863 3207 sine
889 3134 1009 3229 legum
1036 3132 1231 3205 violatione
1253 3133 1364 3205 vitam

334 3248 511 3320 sustinere
536 3260 678 3343 potest;
706 3248 806 3343 quod
831 3248 869 3320 in
893 3272 1026 3342 magna
1050 3247 1145 3318 fame
1171 3247 1366 3342 aliquando

333 3360 478 3448 accidit,
500 3361 563 3432 ubi
590 3385 708 3456 neque
734 3360 875 3433 venalia
900 3372 996 3446 sunt,
1014 3383 1133 3453 neque
1159 3360 1229 3431 alio
1255 3360 1365 3432 modo

332 3473 491 3545 obtineri
516 3474 690 3546 alimenta
718 3485 889 3569 possunt;
921 3472 1077 3545 alienum
1099 3471 1147 3543 ad
1168 3474 1222 3543 sui
1241 3471 1366 3545 defen-

332 3587 472 3658 sionem
499 3597 563 3657 aut
589 3588 902 3660 conservationem
929 3587 958 3659 si
976 3586 1074 3657 l'urto
1092 3586 1149 3657 vel
1166 3586 1202 3658 vi
1223 3586 1364 3681 eripiat,

330 3698 494 3771 totaliter
511 3710 714 3772 excusatur.

382 3813 493 3884 Facta
509 3824 638 3884 contra
651 3813 768 3908 legem
780 3814 1001 3884 authoritate
1019 3811 1138 3884 aliena
1148 3824 1365 3884 excusantur

331 3935 460 3997 contra
472 3926 662 3997 authorem
677 3926 794 4019 ipsum
810 3958 819 4009 ;
846 3927 930 4020 quia
943 3937 1104 3997 actorem
1117 3948 1221 3996 suum
1233 3926 1366 3998 author

330 4061 503 4111 accusare
528 4062 601 4111 non
630 4038 762 4110 dehet:
791 4038 855 4110 sed
878 4051 1007 4111 contra
1023 4040 1171 4110 tertium
1188 4039 1285 4112 facto
1303 4040 1365 4113 lae-

331 4176 412 4222 sum
430 4175 503 4223 non
522 4163 753 4231 excusantur,
772 4174 891 4243 neque
910 4175 974 4245 erg
975 4176 996 4221 o
1020 4163 1147 4222 contra
1164 4152 1363 4240 civitatem,

331 4286 435 4358 cujus
445 4264 543 4359 leges
554 4263 700 4336 nolatae
710 4262 858 4336 fuennt
902 4265 1071 4358 ltaque
1045 4289 1073 4335 sr
1091 4264 1201 4336 homo
1218 4264 1275 4335 vel
1293 4289 1364 4338 coe-
