2926 4980
387 371 440 422 nn
461 371 603 422 naono
621 370 926 423 remansurum.
1103 355 1176 420 493

135 549 215 612 tum
239 550 306 611 est.
359 540 451 612 Orta
474 538 606 611 deinde
631 551 687 610 est
713 537 793 610 Arii
821 536 980 623 haercsis,
1007 535 1177 633 negantis
1199 570 1277 623 etp,
1291 569 1390 619 xm,

137 652 324 725 Christum
345 676 423 724 esse
448 653 590 736 Deum;
616 675 699 747 quae
717 650 850 724 Niceni
868 649 1023 723 Consilii
1041 673 1176 723 convo·
1214 651 1359 758 m

136 765 244 838 candi
265 789 374 838 causa
391 776 482 838 erat.
1218 781 1251 855 ab,
1266 778 1336 852 inani,

193 877 363 973 Synodus
394 889 518 950 autem
548 877 612 950 illa
641 899 716 948 non
751 876 862 949 modo
898 876 1087 965 Arianam,
1114 874 1179 948 sed
1214 841 1359 902 ΜΡΝ

138 992 249 1064 etiam
284 1015 411 1063 omnes
441 989 620 1087 praeteriti
655 989 831 1084 temporis
861 1015 884 1063 a
914 989 1061 1063 Christo
1092 1000 1180 1062 nato

137 1105 294 1177 haercses
313 1104 582 1190 condemnavit,
600 1103 713 1175 fidem
737 1102 981 1176 orthodoxam
1003 1101 1181 1199 symbolo,

139 1218 238 1313 quod
271 1217 454 1290 Nicenum
489 1216 634 1305 dicitur,
661 1216 821 1290 breviter
856 1217 1102 1313 complectens
1136 1238 1182 1286 ex

139 1330 339 1426 Scripturis
361 1330 461 1425 ipsis,
480 1330 581 1402 nulla
604 1329 754 1402 omnino
780 1329 1020 1426 philosophiae
1044 1329 1182 1402 Graecae

140 1444 264 1516 habita
282 1443 440 1527 ratione;
459 1467 602 1540 nempe,
620 1442 812 1515 Christum
822 1444 942 1516 Deum
952 1467 1076 1515 oerum
1089 1466 1182 1531 esse,

140 1556 311 1650 etfilium
328 1556 404 1629 Dei
428 1556 606 1652 genitum,
625 1555 790 1652 ejusdem
815 1580 894 1628 cum
912 1557 994 1629 Deo
1011 1556 1183 1629 substom-

141 1670 228 1753 tice;
246 1694 355 1765 quam
373 1669 483 1742 fidem
503 1671 768 1743 confirmarunt
782 1671 894 1742 etiam
911 1669 983 1743 tria
995 1669 1185 1767 sequentia

141 1783 307 1856 Concilia
328 1784 526 1878 generalia,
545 1783 672 1856 addita
685 1783 872 1857 sententia
889 1783 935 1856 de
952 1785 1025 1857 fide
1042 1785 1081 1856 in
1100 1783 1182 1879 Spi-

140 1896 252 1969 ritum
271 1897 459 1970 Sanctum.
511 1897 633 1969 Etiam
654 1895 809 1968 haeresin
833 1896 1092 1970 Africanorum
1117 1896 1184 1970 sub

142 2010 325 2106 Cypriano
351 2021 482 2099 ortam,
509 2009 555 2082 de
582 2009 872 2105 rebaptizatione
898 2034 1025 2082 eorum
1052 2010 1115 2104 qui
1138 2009 1186 2082 ad

142 2123 400 2196 ethnicismum
430 2121 626 2208 redierant,
645 2121 995 2210 condemnaverunt,
1022 2133 1060 2194 et
1089 2146 1186 2219 sym·

141 2237 227 2309 bolo
245 2235 440 2308 articulum
458 2235 559 2307 illum
587 2234 820 2323 addiderunt,
839 2232 953 2307 credo
970 2259 1077 2306 unum
1096 2235 1187 2333 bop-

143 2350 254 2421 tismo
281 2348 319 2420 im
353 2347 605 2421 remissionem
634 2357 892 2447 peccatorum.
944 2348 1067 2443 Atque
1095 2348 1186 2438 haec,

144 2463 297 2536 Nicenae
325 2462 465 2558 synodo
493 2486 538 2534 ex
569 2461 768 2557 Scripturis
791 2461 913 2534 Sacris
941 2461 1078 2558 agnita,
1105 2460 1187 2556 phi·

144 2576 310 2671 losophia
346 2575 493 2648 ethnica
523 2574 688 2647 nondum
724 2574 915 2664 advocata,
946 2576 1118 2670 placuere
1149 2585 1188 2646 et

145 2689 362 2761 confirmata
379 2699 496 2761 erant.
548 2688 634 2760 Non
653 2686 750 2759 enim
777 2687 986 2783 philosophi
1010 2700 1116 2760 erant
1143 2711 1187 2759 eo

144 2813 309 2897 tempore
328 2825 413 2897 pars
431 2802 581 2874 Patrum
598 2803 726 2895 maJor.

206 2914 279 2988 Sed
311 2915 349 2988 in
384 2915 517 2987 Niceni
552 2914 708 3011 symboli
738 2914 1027 3010 expositionibus
1064 2925 1187 3006 (nemo

145 3029 244 3101 enim
276 3028 353 3101 fere
388 3028 581 3101 doctorum
612 3027 778 3100 ecclesiae
805 3029 852 3100 ab
880 3051 924 3101 eo
956 3028 1120 3101 Concilio
1149 3030 1188 3102 in

146 3141 365 3237 quingentos
384 3165 499 3214 annos
517 3153 608 3229 erat,
628 3142 732 3236 cujus
758 3140 896 3236 scripta
913 3153 1052 3231 extant,
1070 3143 1132 3240 qui
1150 3143 1189 3216 in

146 3256 350 3351 symbolum
378 3255 469 3328 illud
495 3254 761 3349 expositionem
787 3255 947 3351 aliquam
972 3280 1047 3328 non
1066 3254 1189 3328 edide-

147 3369 209 3460 rit)
225 3393 300 3441 non
318 3368 444 3441 habita
461 3379 518 3440 est
535 3367 580 3440 de
604 3367 786 3440 sententia
800 3367 1072 3465 scripturarum
1087 3380 1191 3440 tanta

147 3481 354 3554 solicitudo.
407 3481 481 3554 Ubi
512 3481 609 3554 enim
636 3479 674 3552 in
702 3479 893 3575 Scriptura
919 3481 1043 3569 Sacra,
1061 3492 1126 3554 aut
1151 3481 1190 3554 in

146 3596 225 3690 ipso
244 3595 409 3686 symbolo
427 3593 581 3682 Niceno,
599 3592 785 3665 invenitur
798 3592 837 3665 id
854 3592 953 3688 quod
970 3593 1007 3665 in
1025 3594 1191 3690 symbolo

147 3709 282 3781 dicitur
300 3707 501 3793 Athanasii,
519 3707 576 3779 ita
593 3707 712 3779 Deum
729 3716 767 3779 ct
784 3706 961 3779 hominem
978 3731 1061 3780 esse
1087 3732 1193 3780 unum

151 3803 352 3909 Christum,
368 3818 669 3917 quemadmodum
686 3819 809 3891 amima
827 3819 1029 3892 rationalis
1047 3830 1085 3893 et
1102 3845 1192 3893 coro

149 3945 206 4006 est
240 3958 332 4006 unus
366 3934 507 4006 homo?
569 3932 794 4006 Constitutio
819 3932 976 4005 hominis
1007 3958 1053 4006 ex
1082 3957 1193 4007 carne

148 4059 187 4120 et
217 4047 340 4120 anima
364 4070 554 4142 nunquam
578 4069 646 4140 pro
673 4045 848 4141 mysterio
873 4045 1101 4130 habebatur;
1128 4045 1192 4120 sed

153 4159 329 4232 Christus
348 4161 384 4232 in
404 4183 519 4232 carne
530 4159 743 4254 mysterium
760 4159 960 4231 maximum
978 4170 1046 4233 est.
1082 4158 1193 4242 Quod

149 4272 261 4346 homo
279 4273 327 4346 sit
344 4272 467 4345 anima
491 4294 557 4343 sua
583 4283 649 4346 aut
671 4295 804 4367 corpus
822 4295 929 4344 suum
947 4273 1110 4363 seorsim,
1128 4297 1194 4351 nc-
