2926 4980
300 311 373 379 520
535 326 754 379 sursunrx
771 327 829 379 sn
848 326 1100 381 nsmsrnsu.

122 524 200 574 cup,
216 525 240 574 ι,
298 516 346 565 eo
376 490 488 582 Filio,
505 516 580 566 non
600 518 679 568 esse
697 494 735 568 in
760 495 926 592 symbolo
953 496 1110 584 Niceno,
1127 519 1350 594 quanquam

112 604 258 711 m
299 617 385 678 sunt
407 605 444 680 in
471 607 636 703 symbolo
660 607 864 698 Athanasii,
881 608 946 681 sed
962 608 1091 682 addita
1105 632 1200 699 esse,
1213 624 1263 683 ut
1278 634 1349 707 pn-

114 714 205 777 Nieeio-
298 730 354 791 tat
385 719 639 809 BellarminnS,
668 722 706 794 in
738 721 902 795 Concilio
929 722 1348 820 Constantinopolitano

298 832 461 929 generali
474 834 648 907 secundo.

352 946 401 1019 A.
429 950 453 984 “
468 946 542 1031 Qui
559 972 638 1020 cnm
657 948 778 1022 Putre
795 958 833 1021 et
849 946 950 1021 Filio
968 947 1080 1021 simul
1094 947 1292 1021 odoratur
1310 958 1350 1022 et

299 1059 622 1158 conglorificatur,
640 1061 706 1160 qui
735 1060 880 1134 locustas
907 1073 966 1134 est
987 1084 1065 1159 per
1087 1061 1347 1160 prophetas?

301 1174 424 1249 Quare
440 1174 601 1270 positum
618 1187 676 1247 est
692 1174 784 1247 illud
801 1174 1140 1273 conglorificatur?

349 1287 398 1359 B.
426 1286 573 1376 Nescio,
591 1286 656 1360 sed
671 1298 822 1384 propter
847 1288 918 1360 hoc
939 1289 1103 1378 verbum,
1121 1286 1345 1386 conglorifi-

300 1410 423 1488 catur,
434 1398 597 1472 adducor
607 1398 654 1472 ad
666 1399 888 1474 credendum
901 1398 1095 1474 formulam
1108 1400 1347 1498 glorificandi

301 1513 535 1601 Trinitatem,
546 1512 610 1584 ubi
625 1511 760 1586 dicitnr
769 1512 829 1586 vel
839 1524 1010 1587 cantatur
1024 1513 1162 1621 Gloria
1174 1514 1294 1587 Patri
1306 1524 1347 1588 et

299 1626 399 1699 Filio
417 1635 455 1698 et
478 1626 645 1723 Spiritui
664 1627 813 1717 Sancto,
831 1627 869 1698 in
886 1625 1049 1700 ecclesiis
1066 1627 1135 1700 Dei
1152 1638 1345 1725 receptam

299 1740 412 1813 fuisse
430 1741 549 1813 autin
566 1753 731 1837 tempore
748 1740 811 1814 illo
825 1752 890 1814 aut
906 1752 1005 1814 ante.

353 1854 399 1924 A.
427 1854 608 1928 Fortasse.
661 1854 754 1926 “Et
782 1878 890 1926 onam
916 1864 1087 1927 sanctam
1114 1853 1345 1927 catholicam

300 1976 338 2039 et
355 1965 602 2063 apostolicam
632 1966 840 2040 ecclesium.
894 1966 1082 2062 Confiteor
1109 1991 1217 2038 unum
1248 1966 1344 2067 bop-

301 2080 410 2152 tismo
434 2080 471 2152 in
500 2081 751 2154 remissionem
774 2089 1031 2178 peccatorum.
1082 2079 1261 2179 Expecto
1283 2105 1345 2154 re·

300 2194 568 2266 surrectionem
585 2204 822 2283 mortuorum,
840 2204 878 2266 et
895 2194 1009 2267 vitam
1027 2194 1171 2266 centuri
1184 2194 1344 2270 secuti?

302 2307 431 2379 Corin
449 2307 615 2404 symbolo
641 2307 842 2403 apostolico
868 2306 972 2381 deest
997 2306 1088 2380 illud
1114 2331 1223 2379 snum
1249 2305 1344 2406 bop-

302 2420 447 2493 tiemo?

350 2534 399 2606 B.
426 2534 581 2606 Sanctns
594 2534 811 2630 Cyprianus
822 2535 968 2607 circiter
985 2533 1218 2630 septuaginta
1234 2537 1344 2610 aunis

301 2657 386 2718 ante
406 2646 609 2718 Concilium
629 2647 823 2733 Nicenum,
842 2648 1045 2721 Concilium
1068 2662 1236 2723 tenuerat
1255 2674 1344 2747 pro-

300 2760 456 2831 vinciale
473 2760 510 2831 in
529 2759 656 2832 Africa
674 2761 972 2856 Carthaginense,
991 2763 1053 2834 ubi
1079 2761 1269 2835 decretum
1287 2776 1346 2838 est

300 2874 493 2946 haereticos
510 2897 586 2945 non
600 2873 733 2945 debere
751 2875 864 2969 recipi
883 2875 928 2946 ab
943 2875 1108 2958 ecclesia,
1122 2875 1192 2947 nisi
1206 2875 1343 2950 iterum

300 2987 600 3081 baptizarentur;
628 2985 726 3081 quod
746 2987 934 3059 decretum
952 2999 1041 3082 puto
1060 2999 1148 3059 tunc
1166 2989 1344 3062 condem-

300 3114 427 3171 natum
446 3122 536 3189 esse,
556 3123 640 3171 cum
659 3099 796 3171 inserta
818 3111 940 3172 essent
957 3100 1019 3172 illa
1031 3101 1143 3173 verba
1160 3104 1342 3197 confiteor

300 3238 407 3284 unum
425 3212 624 3311 baptismo.

352 3326 399 3395 A.
428 3325 470 3396 ln
491 3325 654 3420 symbolo
673 3323 875 3419 apostolico
902 3348 975 3397 non
995 3326 1130 3400 dicitur
1146 3349 1343 3402 resurrec-

301 3437 353 3509 tio
371 3447 622 3519 mortuorum
646 3437 710 3509 sed
727 3436 957 3509 resurrectio
975 3439 1114 3512 cornis.
1157 3441 1342 3515 Quaenam

300 3563 355 3622 cst
382 3549 613 3624 differentia?
667 3550 914 3623 Habebuntne
940 3553 1087 3642 mortni,
1107 3552 1254 3648 quando
1281 3579 1341 3629 re-

300 3677 464 3759 surgent,
481 3688 640 3754 carnem,
655 3688 748 3752 ossa,
767 3663 993 3758 sanguinem,
1005 3688 1145 3756 manuS,
1159 3666 1284 3762 pedes,
1302 3682 1342 3742 et

300 3791 434 3851 caetera
449 3777 600 3850 humani
618 3777 781 3873 corporis
797 3778 961 3849 membra
979 3776 991 3847 ἓ

350 3893 398 3963 B.
427 3890 665 3986 Respondeat
694 3891 762 3962 tibi
795 3890 832 3961 S.
849 3889 981 3962 Paulus
1010 3889 1044 3982 (l
1068 3891 1152 3964 Cor.
1166 3916 1225 3966 xv,
1245 3898 1340 3989 23):

299 4004 515 4100 Resurgent
533 4003 782 4100 unnsquisque
800 4003 838 4075 in
859 4003 1024 4101 proprio
1042 4029 1214 4105 corpore.
1267 4009 1342 4081 De-

300 4117 384 4188 inde
406 4120 514 4207 (vers.
534 4119 613 4210 44),
634 4116 850 4188 Seminane
868 4140 1004 4213 corpus
1023 4118 1196 4208 animale,
1215 4120 1341 4213 idest,

298 4243 339 4301 ut
357 4255 425 4326 ego
444 4232 585 4326 opinor,
605 4230 710 4324 quale
730 4241 784 4301 est
803 4252 937 4327 corpus
965 4230 1166 4304 humanum
1191 4235 1341 4328 quando
