2926 4980
523 341 577 394 na
598 342 781 394 1111111111.
1102 326 1166 392 111

119 534 201 583 rem
218 510 382 584 invocat.
435 512 607 585 Formula
634 513 733 609 apud
760 512 947 585 Romanos
962 507 1172 605 hujusmodi
1201 540 1313 596 cum

121 637 215 713 erat,
233 634 376 697 mactet
390 649 447 697 me
462 624 627 723 Jupiter,
645 626 744 699 sieut
758 649 830 722 ego
845 634 965 698 macto
979 624 1076 697 hanc
1091 622 1171 695 ber·
1184 622 1317 728 offla]

124 737 245 820 tiam
272 749 312 810 et
322 737 423 834 apud
437 763 515 828 noS,
530 739 774 835 bursarium,
793 739 850 811 ita
867 763 923 810 me
931 740 1040 832 juret
1055 736 1169 809 Deus.
1182 749 1317 858 ffiffiu:

126 852 254 947 Atque
278 851 360 923 haec
394 851 579 924 faciebant
606 876 691 924 eum
724 851 941 923 ceremoniis
968 851 1170 945 ritibusque
1182 847 1317 924 consutio

127 964 380 1060 unusquisque
407 965 593 1062 religionis
618 965 789 1061 propriae,
814 976 857 1036 ut
882 976 987 1038 tauto
1013 964 1130 1060 magis
1151 987 1172 1035 a

125 1079 330 1173 jmamenti
345 1078 544 1152 violatione
565 1078 823 1150 deterreretur.

182 1191 337 1264 Constat
363 1191 450 1265 hinc
476 1193 728 1287 juramentum
758 1191 829 1264 alia
855 1190 973 1263 forma
996 1193 1173 1287 juratum,

132 1331 243 1402 quum
272 1330 356 1402 quae
381 1319 439 1380 est
464 1306 666 1379 secundum
691 1306 905 1401 religionem
929 1305 1099 1400 jurantis,
1118 1304 1175 1377 in-

131 1422 278 1494 firmum
305 1443 396 1493 esse.
449 1420 604 1494 Constat
625 1421 714 1492 item
734 1421 983 1514 juramentum
1002 1443 1076 1491 non
1095 1442 1175 1491 esse

132 1534 201 1606 nisi
226 1557 294 1630 per
318 1533 426 1606 deum
450 1533 620 1628 jurantis.
673 1532 907 1628 Quamquam
939 1532 1037 1604 enim
1054 1532 1174 1604 ethni-

132 1672 262 1722 corum
278 1646 392 1741 aliqui
405 1670 472 1742 per
485 1669 591 1742 reges
602 1669 688 1718 suos
701 1648 826 1742 jurare
839 1645 937 1718 soliti
954 1657 1052 1734 sunt,
1066 1645 1175 1718 simul

132 1774 259 1834 tamen
290 1759 446 1856 intelligi
472 1758 633 1831 divinum
660 1759 731 1832 illis
755 1759 934 1833 honorem
954 1784 977 1832 a
997 1783 1037 1832 se
1062 1760 1175 1833 tribui

132 1872 340 1945 voluerunt.
401 1872 618 1945 Juramenta
647 1884 772 1944 autem
800 1871 863 1943 illa
886 1895 961 1944 non
988 1872 1176 1969 requisita,

133 1985 197 2059 sed
226 1985 447 2074 voluntaria,
465 1985 676 2081 frequenter
698 1986 833 2080 jurata,
855 1986 1067 2079 juramenta
1095 2010 1180 2081 pro-

132 2101 212 2196 prie
229 2099 331 2172 dicta
347 2123 423 2172 non
441 2110 537 2186 sunt,
556 2097 621 2170 sed
637 2097 796 2170 nominis
812 2097 927 2170 divini
940 2099 1078 2188 abusio,
1090 2110 1180 2172 nata

133 2238 178 2287 ex
208 2236 324 2310 prava
340 2211 606 2286 consuetudine
626 2212 749 2285 omnia
774 2211 928 2284 nimium
943 2213 1179 2285 vehementer

134 2327 389 2400 asserentium.

185 2441 342 2514 Constat
366 2437 536 2534 denique,
555 2438 654 2533 quod
679 2437 896 2534 obligationi
922 2462 945 2510 a
967 2439 1179 2534 juramento

136 2554 226 2628 nihil
244 2553 405 2627 additur.
459 2551 611 2624 Paetum
627 2552 737 2641 enim,
756 2552 785 2624 si
803 2552 945 2624 licitum
963 2552 1021 2640 sit,
1040 2550 1181 2646 obligat

137 2691 201 2763 per
216 2668 293 2741 vim
320 2666 414 2763 legis
439 2665 617 2737 naturalis
642 2665 722 2738 sine
745 2665 1009 2760 jurejurando;
1037 2665 1092 2737 sin
1110 2663 1181 2737 illi-

138 2781 250 2854 citum
270 2781 334 2868 sit,
351 2803 399 2852 ne
424 2777 551 2851 addito
578 2778 726 2874 quidem
750 2778 990 2876 jurejurando
1016 2777 1180 2874 obligare

138 2904 270 2988 potest.

527 3194 689 3268 CAPUT
714 3196 796 3268 XV.

406 3353 453 3402 DE
472 3355 618 3406 LEGlBUS
637 3357 790 3407 NATURAE
808 3358 909 3407 ALIIS.

141 3459 174 3532 A
191 3478 299 3530 nucu
317 3468 473 3546 naturas,
491 3483 573 3554 quae
586 3459 823 3554 impedientia
838 3483 969 3555 pacem
985 3461 1182 3533 humanam

139 3573 221 3668 jura
232 3570 394 3667 relinqui
408 3571 525 3666 jubet,
540 3572 705 3667 sequitur
716 3571 775 3643 lex
789 3585 932 3646 naturae
945 3575 1065 3661 tertia,
1077 3597 1184 3672 prce-

142 3684 281 3757 rtundu
308 3708 392 3757 esse
410 3694 543 3781 pacta.
597 3686 693 3757 Nam
716 3686 853 3781 absque
870 3711 913 3760 eo
927 3689 987 3782 jus
1005 3688 1043 3760 in
1062 3689 1186 3761 omnia

143 3799 281 3870 frustra
297 3796 507 3893 deponitur,
525 3810 722 3892 manetque
737 3797 900 3871 omnium
914 3812 1045 3873 contra
1057 3825 1185 3874 omnes

144 3909 290 3982 bellum.

195 4026 317 4119 Atque
329 4022 368 4094 in
382 4023 451 4095 bac
468 4021 549 4116 lege
567 4023 734 4095 consistit
747 4035 881 4095 natura
894 4024 1058 4118 justitiae.
1112 4026 1185 4099 Ubi

147 4136 244 4208 enim
274 4159 348 4209 non
377 4135 568 4232 praecessit
601 4149 764 4232 pactum,
791 4136 841 4208 ibi
863 4137 924 4231 jus
957 4137 1100 4212 nullum
1130 4153 1187 4214 est

147 4249 374 4339 translatum,
394 4250 459 4322 sed
481 4249 605 4323 omnia
630 4250 794 4323 omnium
818 4262 915 4324 sunt.
969 4252 1070 4326 Nihil
1096 4278 1185 4351 ergo
