2926 4980
517 334 571 386 ns
591 335 772 386 nonme.
1099 315 1160 382 121

171 498 241 571 Est
251 498 344 589 haec,
361 499 462 573 dicet
471 500 614 598 aliquis,
627 502 750 599 legum
764 499 987 574 naturalium
1000 498 1171 571 deductio
1208 530 1284 579 cnp,
1297 530 1351 578 xv,

120 610 295 685 subtilior
317 637 429 709 quam
444 625 488 687 nt
504 615 660 710 intelligi
677 615 724 687 ab
743 614 911 688 omnibus
928 612 1059 710 possit,
1079 636 1169 708 quo·
1212 616 1351 727 Μὼ

121 746 209 796 rum
225 727 387 800 maxima
399 751 484 824 pars
500 728 684 801 alimentis
695 726 819 801 studet
831 739 896 799 aut
907 726 1167 822 voluptatibus.
1211 741 1297 779 unm
1308 734 1351 778 ὥ·

123 837 186 910 Ne
202 851 328 912 tamen
350 841 461 914 etiam
478 841 697 915 tardissimis
713 841 959 914 excusationis
984 839 1087 912 locus
1111 862 1169 910 re-

124 950 326 1046 linquatur,
345 954 530 1027 contraxit
546 977 608 1026 eas
635 953 827 1050 Scriptura
845 952 957 1025 Sacra
982 952 1021 1024 in
1045 975 1168 1040 unam,

126 1087 281 1159 eamque
294 1065 444 1139 brevem
455 1078 494 1139 et
505 1066 749 1162 perspicuam,
761 1065 1170 1162 sententiam,quoecun-

126 1202 200 1275 que
223 1177 337 1250 vultis
347 1178 494 1275 facere
517 1178 622 1251 nobie
647 1177 821 1267 homines,
849 1177 894 1251 id
902 1177 1035 1274 facite
1062 1176 1143 1250 illis
1156 1204 1171 1260 ;

127 1301 166 1363 et
181 1290 403 1388 philosophi,
420 1293 524 1389 quod
539 1292 610 1365 tibi
620 1292 719 1386 fieri
734 1315 806 1363 noa
823 1291 890 1379 oia,
909 1289 1026 1362 alteri
1043 1315 1089 1362 ne
1099 1290 1170 1387 fe-

128 1404 237 1475 ceris.
291 1405 416 1479 Quare
442 1405 489 1478 ad
514 1417 631 1478 totam
657 1404 777 1500 legem
801 1403 1007 1476 naturalem
1029 1404 1170 1500 perdis-

128 1516 294 1603 cendam,
323 1518 396 1590 alia
423 1541 463 1590 re
491 1543 582 1614 opus
609 1529 777 1606 nonest,
804 1541 914 1613 quam
940 1528 982 1590 ut
1009 1517 1171 1590 actiones

127 1630 264 1703 alienas
283 1654 367 1703 cum
385 1631 521 1705 nostris
537 1631 777 1727 pensitantes
795 1631 833 1702 in
851 1631 1004 1703 alteram
1028 1630 1171 1704 lancem

126 1743 402 1833 transferamus,
419 1768 467 1817 ne
492 1744 682 1840 passiones
707 1745 867 1840 propriae
894 1744 1049 1839 ponderi
1075 1745 1171 1818 forte

127 1856 269 1952 aliquid
281 1857 504 1930 addiderint.

177 1970 296 2066 Leges
314 1972 499 2043 naturales
516 1971 681 2068 obligant
697 1973 737 2044 in
747 1970 847 2067 soro
872 1971 1029 2058 interno,
1048 1971 1170 2062 idest,

130 2106 256 2156 earum
276 2085 531 2180 transgressio,
544 2109 619 2157 non
638 2085 776 2157 crimen
787 2083 946 2180 proprie,
960 2085 1025 2157 sed
1041 2085 1170 2158 vitium

130 2195 328 2269 dicendum
354 2211 421 2270 est.
475 2197 549 2270 Sed
573 2198 609 2270 iu
628 2198 727 2295 foro
754 2208 909 2270 externo
935 2222 1009 2270 non
1028 2222 1171 2294 semper

131 2308 307 2404 obligant.
352 2311 449 2384 Nam
462 2312 525 2407 qui
543 2311 622 2384 illas
639 2313 851 2385 observaret
867 2322 968 2400 tunc,
986 2311 1172 2407 quandoa

135 2424 276 2497 caeteris
294 2434 592 2513 contemnuntur,
611 2425 755 2498 oaeteris
772 2422 899 2521 praeda
915 2437 1023 2513 esset,
1041 2435 1171 2498 contra

133 2535 410 2610 fundamentum
437 2537 602 2611 omnium
626 2537 749 2634 legum
776 2536 1011 2626 naturalium,
1039 2562 1170 2635 nempe

133 2664 274 2723 naturae
298 2652 625 2724 conservationem.
677 2652 864 2740 Attamen,
883 2651 1029 2746 quando
1047 2651 1093 2724 de
1111 2676 1171 2726 ea-

135 2764 287 2836 rundem
304 2764 558 2837 observatione
576 2789 599 2837 a
616 2764 758 2837 caeteris
776 2777 925 2837 cautum
941 2775 1007 2852 est,
1020 2777 1109 2837 tunc
1126 2766 1169 2854 is,

135 2876 197 2971 qui
215 2900 276 2950 eas
292 2901 367 2950 non
386 2878 565 2966 observat,
582 2877 730 2966 bellum,
742 2901 817 2949 non
828 2901 958 2973 pacem
976 2878 1118 2972 quaerit.

184 2991 321 3087 Legem
339 3015 496 3079 omnem,
515 2991 552 3062 in
569 2989 649 3063 foro
667 2991 814 3062 interno
840 2990 1074 3085 obligantem,
1094 2991 1170 3064 fac-

136 3115 214 3175 tum
231 3104 346 3176 violat
371 3127 446 3176 non
472 3103 582 3176 modo
606 3103 680 3199 legi
706 3103 942 3192 contrarium,
969 3103 1034 3175 sed
1059 3104 1176 3179 etiam'

136 3240 350 3313 congruum,
362 3219 392 3289 si
409 3216 633 3290 contrarium
645 3227 750 3312 putet
768 3217 797 3290 is
816 3217 878 3312 qui
891 3217 990 3289 facit.
1043 3217 1171 3296 Quan-

137 3353 245 3425 quam
272 3331 368 3403 enim
395 3331 490 3403 actio
516 3331 594 3427 ipsa
610 3330 721 3403 fuerit
738 3331 937 3403 secundum
960 3331 1091 3427 legem,
1110 3358 1172 3405 vo-

136 3443 257 3516 luntas
273 3457 405 3517 contra
422 3456 511 3517 erat.
564 3445 661 3517 Nam
678 3445 716 3517 in
729 3443 810 3518 foro
822 3445 967 3518 interno
981 3445 1079 3519 solus
1093 3447 1171 3519 ani-

137 3581 219 3629 mus
236 3580 320 3629 reus
337 3558 390 3629 fit.

184 3670 331 3743 Eaedem
366 3669 478 3766 leges
505 3671 592 3765 quia
618 3670 666 3743 ad
694 3671 786 3743 velle
818 3684 961 3745 tautum
992 3672 1171 3769 obligant,

135 3782 416 3876 vellemquem,
438 3794 649 3855 constanter
673 3792 711 3854 et
736 3782 888 3872 sincere,
906 3784 1032 3857 faciles
1049 3786 1172 3857 obser-

136 3909 223 3969 vatu
240 3908 349 3979 sunt;
376 3896 474 3969 solus
492 3908 646 3968 conatus
663 3896 807 3969 sufficit.
860 3896 934 3970 Qui
952 3898 1031 3970 illas
1049 3899 1172 3970 obser-

137 4033 221 4082 vare
235 4021 413 4104 quantum
429 4019 551 4104 potest
569 4021 722 4082 conatus
740 4020 806 4097 est,
822 4010 1030 4082 observavit
1044 4023 1081 4082 et
1095 4013 1173 4106 jus·

137 4133 195 4195 tus
209 4139 276 4194 est.

186 4237 324 4332 Legum
352 4237 572 4309 naturalium
598 4236 751 4309 scientia
779 4259 864 4308 vera
890 4247 927 4307 et
953 4235 1030 4309 sola
1049 4237 1172 4309 ethica

1216 616 1348 640 ·.--p-u
