2926 4980
299 306 373 372 528
536 321 754 375 urrunnu(
773 324 828 376 nn
848 324 1104 379 nnvrnrunn.

123 518 238 570 enar.
298 489 456 563 inomni
478 515 590 564 carne
616 493 808 589 aequaliter
835 494 980 581 existat,
997 494 1216 591 probabitur
1234 495 1353 569 etiam

114 602 259 720 „m
299 628 427 677 omnes
452 605 543 678 alios
579 606 744 679 homines
776 605 912 679 habere
945 619 1137 704 utramque
1171 618 1351 681 naturam

112 727 204 773 Nimo·
298 715 497 790 humanam
515 731 553 791 et
570 718 744 806 divinam,
762 719 857 791 sicut
875 719 1069 793 Christus?

349 831 399 904 B.
427 830 592 903 Minime.
643 831 722 904 Etsi
748 832 846 904 enim
873 831 973 907 Deus
998 833 1046 906 sit
1071 834 1206 930 ubique
1224 835 1351 908 omui-

298 957 441 1039 potcns,
468 943 606 1017 iaciens
635 945 773 1042 ubique
807 946 931 1019 omnia
956 971 1039 1044 quae
1064 947 1142 1020 vult
1168 948 1208 1020 in
1242 949 1349 1021 omni

299 1071 480 1148 creatura,
498 1082 573 1131 non
592 1070 716 1132 tamen
741 1059 878 1156 ubique
902 1059 992 1134 facit
1012 1056 1189 1157 quioquid
1206 1072 1346 1156 potest.

300 1172 343 1245 In
360 1172 598 1268 generatione
616 1171 775 1246 hominis
792 1173 839 1246 ab
856 1174 1017 1260 homine,
1034 1174 1152 1247 voluit
1167 1173 1215 1247 ab
1233 1190 1347 1248 aeter-

299 1309 347 1358 no
365 1285 519 1381 produci
532 1296 677 1359 tantum
691 1286 888 1377 hominem,
903 1288 966 1384 qui
982 1288 1106 1361 omnia
1121 1287 1244 1361 facere
1258 1313 1345 1385 quae

298 1398 377 1471 vult
393 1423 468 1472 non
486 1410 628 1494 potest;
655 1411 693 1472 at
710 1400 747 1471 in
765 1401 1002 1496 generatione
1026 1401 1184 1474 hominis
1211 1426 1344 1499 super·

298 1512 457 1584 naturali
482 1511 606 1601 modo,
632 1537 698 1609 per
727 1513 905 1609 Spiritum
933 1514 1123 1604 Sanctum,
1148 1514 1265 1589 voluit
1294 1516 1343 1590 ab

298 1637 437 1698 aeterno
455 1625 658 1720 producere
680 1625 865 1699 hominem
894 1629 957 1724 qui
982 1627 1103 1700 iacere
1118 1642 1245 1725 posset
1262 1654 1344 1702 om-

299 1738 360 1810 nia
383 1762 466 1835 quae
483 1739 604 1828 vellet,
622 1738 660 1811 id
679 1751 747 1828 est,
764 1740 951 1813 hominem
968 1751 1006 1813 et
1023 1740 1154 1813 Deum.
1207 1740 1343 1836 Neque

296 1850 399 1924 locus
427 1851 488 1925 hic
517 1853 612 1925 ullus
635 1865 691 1926 est
717 1853 907 1948 quaerendi
924 1853 1131 1951 quomodo,·
1158 1855 1247 1951 quia
1264 1880 1342 1929 non

295 1965 405 2038 modo
423 1966 633 2057 Christiani,
652 1966 717 2039 sed
742 1967 852 2039 etiam
868 1979 997 2062 gentes
1014 1990 1141 2040 omnes
1159 1991 1244 2063 quae
1262 1993 1343 2042 cre-

294 2077 388 2151 dunt
405 2102 484 2151 esse
501 2079 632 2169 Deum,
651 2078 811 2152 eundem
834 2078 992 2152 creduut
1008 2103 1088 2152 esse
1099 2080 1342 2176 ,omnipoten-

293 2203 387 2277 tem;
407 2217 475 2266 nec
489 2193 682 2290 requirunt
696 2191 882 2290 quomodo
892 2194 1033 2289 gignat,
1044 2216 1153 2289 quem
1164 2196 1341 2290 genuisse

293 2303 431 2378 dicum.

346 2420 392 2492 A.
422 2418 612 2492 Hactenus
639 2419 844 2493 doctrinam
873 2418 1028 2515 symboli
1054 2419 1186 2493 Niceni
1204 2420 1259 2493 ita
1276 2446 1342 2495 ex-

292 2530 447 2625 plicasti,
467 2544 509 2604 ut
525 2532 637 2605 fidem
656 2533 900 2606 Christianam
918 2532 1018 2604 nullo
1040 2532 1150 2605 modo
1178 2533 1337 2610 labefac-

291 2654 398 2733 tasse,
415 2645 479 2718 sed
498 2646 620 2741 potius
640 2647 886 2735 confirmasse,
902 2646 992 2718 mihi
1011 2645 1168 2735 videare,
1187 2647 1253 2721 sed
1272 2664 1339 2724 tuo

292 2758 414 2831 mod0.

341 2872 505 2945 Ostende
523 2898 620 2946 nunc
639 2874 728 2970 quid
745 2873 791 2946 sit
810 2873 909 2969 quod
927 2873 1045 2946 Graeci
1063 2873 1250 2970 appellant
1268 2875 1338 2972 hy-

291 2987 467 3079 postasin.

340 3099 388 3171 B.
417 3100 575 3174 Quando
597 3099 735 3196 aliquid
762 3100 915 3173 intueris
934 3100 1033 3196 quod
1063 3125 1171 3173 vocas
1197 3101 1336 3188 albuin,

290 3235 424 3284 nomen
442 3213 532 3286 illud
549 3213 707 3309 imponis
726 3212 941 3286 substantiae
964 3214 1040 3286 sive
1067 3213 1233 3308 subjecto
1252 3238 1337 3288 cor-

289 3326 381 3420 pori,
392 3339 484 3422 puta
495 3326 680 3414 marmori,
693 3326 761 3399 etsi
781 3325 969 3397 oculorum
983 3340 1130 3398 tuorum
1145 3325 1243 3400 acies
1257 3351 1335 3401 non

288 3453 411 3532 potest
426 3453 619 3536 penetrare
638 3441 675 3512 in
697 3440 940 3512 substantiam
965 3439 1169 3528 marmoris
1187 3452 1253 3513 aut
1269 3466 1336 3514 cu-

285 3553 490 3648 juscunque
504 3553 595 3626 alius
613 3553 719 3625 entis.
747 3552 882 3624 Album-
900 3552 1013 3648 igitur
1031 3553 1193 3648 corporis
1210 3577 1278 3649 per
1295 3579 1335 3628 se

288 3667 529 3755 subsistentis,
553 3691 628 3739 non
656 3667 789 3739 coloris
813 3691 947 3739 nomen
971 3679 1037 3755 est,
1059 3679 1098 3739 et
1120 3666 1334 3762 impositum

288 3792 440 3877 propter
457 3780 641 3876 quandam
663 3792 801 3852 certam
828 3780 1093 3875 apparentiam,
1113 3780 1199 3869 sive,
1218 3792 1261 3853 ut
1278 3781 1333 3855 lo-

289 3908 453 3988 quuntur
479 3894 609 3982 Graeci,
637 3889 768 3985 ἔμφασιν
786 3892 843 3964 vel
865 3895 1042 3985 φαντάσμα,
1061 3892 1162 3988 quod
1185 3892 1333 3968 videtur

289 4008 436 4102 quidem
451 4031 530 4080 esse
548 4005 697 4102 aliquid,
717 4029 844 4078 revera
861 4020 984 4078 autem
1002 4005 1093 4078 nihil
1116 4018 1192 4089 est;
1220 4031 1331 4104 quam

287 4122 555 4217 apparitionem
573 4121 651 4191 sine
665 4119 789 4214 aliqua
806 4144 915 4191 causa
932 4130 969 4191 et
992 4118 1231 4192 fundamento
1250 4144 1331 4194 esse

287 4257 359 4305 non
385 4259 492 4331 posse
519 4233 607 4306 satis
631 4233 880 4329 intelligimus
899 4233 1070 4305 nimirum
1091 4232 1225 4322 album,
1250 4258 1331 4308 esse
