<?xml version="1.0" encoding="UTF-8"?>
<!DOCTYPE html PUBLIC "-//W3C//DTD XHTML 1.0 Transitional//EN"
    "http://www.w3.org/TR/xhtml1/DTD/xhtml1-transitional.dtd">
<html xmlns="http://www.w3.org/1999/xhtml" xml:lang="en" lang="en">
 <head>
  <title>
</title>
<meta http-equiv="Content-Type" content="text/html;charset=utf-8" />
  <meta name='ocr-system' content='tesseract 3.04.00' />
  <meta name='ocr-capabilities' content='ocr_page ocr_carea ocr_par ocr_line ocrx_word'/>
</head>
<body>
  <div class='ocr_page' id='page_1' title='image "./thomhobbesmalme02hobbgoog_0489.png"; bbox 0 0 2926 4980; ppageno 0'>
   <div class='ocr_carea' id='block_1_1' title="bbox 291 275 1099 352">
    <p class='ocr_par' dir='ltr' id='par_1_1' title="bbox 291 275 1099 352">
     <span class='ocr_line' id='line_1_1' title="bbox 291 275 1099 352; baseline 0.011 -9"><span class='ocrx_word' id='word_1_1' title='bbox 291 275 364 345; x_wconf 79' lang='lat'><strong>526</strong></span> <span class='ocrx_word' id='word_1_2' title='bbox 531 294 749 349; x_wconf 77' lang='lat' dir='ltr'><strong>arrnnnrx</strong></span> <span class='ocrx_word' id='word_1_3' title='bbox 768 297 824 349; x_wconf 80' lang='lat' dir='ltr'><strong>an</strong></span> <span class='ocrx_word' id='word_1_4' title='bbox 843 298 1099 352; x_wconf 77' lang='lat' dir='ltr'><strong>aavrarnan.</strong></span> 
     </span>
    </p>
   </div>
   <div class='ocr_carea' id='block_1_2' title="bbox 102 460 1353 692">
    <p class='ocr_par' dir='ltr' id='par_1_2' title="bbox 102 460 1353 692">
     <span class='ocr_line' id='line_1_2' title="bbox 122 460 1353 565; baseline 0.003 -27"><span class='ocrx_word' id='word_1_5' title='bbox 122 489 200 541; x_wconf 79' lang='lat' dir='ltr'><strong>car.</strong></span> <span class='ocrx_word' id='word_1_6' title='bbox 217 492 240 543; x_wconf 84' lang='grc' dir='ltr'><strong>ι.</strong></span> <span class='ocrx_word' id='word_1_7' title='bbox 290 460 564 535; x_wconf 82' lang='lat' dir='ltr'><strong>consideremus</strong></span> <span class='ocrx_word' id='word_1_8' title='bbox 581 463 945 554; x_wconf 81' lang='lat' dir='ltr'><strong>verballcclesiastis,</strong></span> <span class='ocrx_word' id='word_1_9' title='bbox 957 490 1039 564; x_wconf 85' lang='lat' dir='ltr'><strong>quae</strong></span> <span class='ocrx_word' id='word_1_10' title='bbox 1056 479 1144 541; x_wconf 92' lang='lat' dir='ltr'><strong>sunt</strong></span> <span class='ocrx_word' id='word_1_11' title='bbox 1162 467 1353 565; x_wconf 87' lang='lat' dir='ltr'><strong>incapite</strong></span> 
     </span>
     <span class='ocr_line' id='line_1_3' title="bbox 102 569 1351 692; baseline 0.006 -43"><span class='ocrx_word' id='word_1_12' title='bbox 102 569 248 692; x_wconf 46' lang='lat' dir='ltr'><em>m</em></span> <span class='ocrx_word' id='word_1_13' title='bbox 289 573 412 663; x_wconf 89' lang='lat' dir='ltr'><strong>tertio,</strong></span> <span class='ocrx_word' id='word_1_14' title='bbox 431 598 559 648; x_wconf 88' lang='lat' dir='ltr'><strong>versus</strong></span> <span class='ocrx_word' id='word_1_15' title='bbox 585 576 707 649; x_wconf 89' lang='lat' dir='ltr'><strong>finem.</strong></span> <span class='ocrx_word' id='word_1_16' title='bbox 759 576 803 649; x_wconf 95' lang='lat' dir='ltr'><strong>In</strong></span> <span class='ocrx_word' id='word_1_17' title='bbox 829 577 957 651; x_wconf 92' lang='lat' dir='ltr'><strong>Bibliis</strong></span> <span class='ocrx_word' id='word_1_18' title='bbox 976 579 1201 676; x_wconf 84' lang='lat' dir='ltr'><strong>Polyglossis</strong></span> <span class='ocrx_word' id='word_1_19' title='bbox 1217 582 1351 657; x_wconf 83' lang='lat' dir='ltr'><strong>versio</strong></span> 
     </span>
    </p>
   </div>
   <div class='ocr_carea' id='block_1_3' title="bbox 102 697 194 746">
    <p class='ocr_par' dir='ltr' id='par_1_3' title="bbox 102 697 194 746">
     <span class='ocr_line' id='line_1_4' title="bbox 102 697 194 746; baseline 0.054 -5"><span class='ocrx_word' id='word_1_20' title='bbox 102 697 194 746; x_wconf 73' lang='lat' dir='ltr'><strong>Nicone</strong></span> 
     </span>
    </p>
   </div>
   <div class='ocr_carea' id='block_1_4' title="bbox 279 686 1349 4300">
    <p class='ocr_par' dir='ltr' id='par_1_4' title="bbox 279 686 1349 4300">
     <span class='ocr_line' id='line_1_5' title="bbox 289 686 1349 790; baseline 0.009 -32"><span class='ocrx_word' id='word_1_21' title='bbox 289 686 535 761; x_wconf 84' lang='lat' dir='ltr'><strong>interlinearis</strong></span> <span class='ocrx_word' id='word_1_22' title='bbox 549 703 616 779; x_wconf 88' lang='lat' dir='ltr'><strong>est,</strong></span> <span class='ocrx_word' id='word_1_23' title='bbox 632 688 729 761; x_wconf 81' lang='lat' dir='ltr'><strong>Dixi</strong></span> <span class='ocrx_word' id='word_1_24' title='bbox 745 714 817 787; x_wconf 82' lang='lat' dir='ltr'><strong>ego</strong></span> <span class='ocrx_word' id='word_1_25' title='bbox 836 690 875 763; x_wconf 82' lang='lat' dir='ltr'><strong>in</strong></span> <span class='ocrx_word' id='word_1_26' title='bbox 893 691 1007 765; x_wconf 84' lang='lat' dir='ltr'><strong>corde</strong></span> <span class='ocrx_word' id='word_1_27' title='bbox 1023 715 1101 765; x_wconf 84' lang='lat' dir='ltr'><strong>meo</strong></span> <span class='ocrx_word' id='word_1_28' title='bbox 1117 716 1239 790; x_wconf 77' lang='lat' dir='ltr'><strong>super</strong></span> <span class='ocrx_word' id='word_1_29' title='bbox 1256 719 1349 767; x_wconf 84' lang='lat' dir='ltr'><strong>oer-</strong></span> 
     </span>
     <span class='ocr_line' id='line_1_6' title="bbox 291 799 1349 901; baseline 0.009 -29"><span class='ocrx_word' id='word_1_30' title='bbox 291 799 372 872; x_wconf 83' lang='lat' dir='ltr'><strong>dum</strong></span> <span class='ocrx_word' id='word_1_31' title='bbox 386 800 561 895; x_wconf 84' lang='lat' dir='ltr'><strong>filiorum</strong></span> <span class='ocrx_word' id='word_1_32' title='bbox 578 801 704 874; x_wconf 83' lang='lat' dir='ltr'><strong>Adam</strong></span> <span class='ocrx_word' id='word_1_33' title='bbox 722 801 801 891; x_wconf 86' lang='lat' dir='ltr'><strong>(ad</strong></span> <span class='ocrx_word' id='word_1_34' title='bbox 820 803 1052 901; x_wconf 75' lang='lat' dir='ltr'><strong>purgandos</strong></span> <span class='ocrx_word' id='word_1_35' title='bbox 1078 827 1142 877; x_wconf 73' lang='lat' dir='ltr'><strong>eos</strong></span> <span class='ocrx_word' id='word_1_36' title='bbox 1158 805 1285 895; x_wconf 73' lang='lat' dir='ltr'><strong>Deus,</strong></span> <span class='ocrx_word' id='word_1_37' title='bbox 1305 818 1349 881; x_wconf 79' lang='lat' dir='ltr'><strong>et</strong></span> 
     </span>
     <span class='ocr_line' id='line_1_7' title="bbox 290 913 1346 1017; baseline 0.008 -31"><span class='ocrx_word' id='word_1_38' title='bbox 290 913 346 987; x_wconf 82' lang='lat' dir='ltr'><strong>ad</strong></span> <span class='ocrx_word' id='word_1_39' title='bbox 375 913 572 987; x_wconf 80' lang='lat' dir='ltr'><strong>videndam</strong></span> <span class='ocrx_word' id='word_1_40' title='bbox 605 914 708 1012; x_wconf 80' lang='lat' dir='ltr'><strong>quod</strong></span> <span class='ocrx_word' id='word_1_41' title='bbox 738 914 815 1013; x_wconf 75' lang='lat' dir='ltr'><strong>ipsi</strong></span> <span class='ocrx_word' id='word_1_42' title='bbox 838 915 983 989; x_wconf 82' lang='lat' dir='ltr'><strong>animal</strong></span> <span class='ocrx_word' id='word_1_43' title='bbox 1010 917 1087 1016; x_wconf 72' lang='lat' dir='ltr'><strong>ipsi</strong></span> <span class='ocrx_word' id='word_1_44' title='bbox 1116 916 1217 1010; x_wconf 75' lang='lat' dir='ltr'><strong>sibi)</strong></span> <span class='ocrx_word' id='word_1_45' title='bbox 1246 920 1346 1017; x_wconf 75' lang='lat' dir='ltr'><strong>quia</strong></span> 
     </span>
     <span class='ocr_line' id='line_1_8' title="bbox 290 1026 1345 1122; baseline 0.009 -24"><span class='ocrx_word' id='word_1_46' title='bbox 290 1037 441 1099; x_wconf 68' lang='lat' dir='ltr'><strong>wentae</strong></span> <span class='ocrx_word' id='word_1_47' title='bbox 461 1026 635 1122; x_wconf 80' lang='lat' dir='ltr'><strong>filiorum</strong></span> <span class='ocrx_word' id='word_1_48' title='bbox 662 1027 799 1118; x_wconf 84' lang='lat' dir='ltr'><strong>Adam,</strong></span> <span class='ocrx_word' id='word_1_49' title='bbox 824 1039 862 1101; x_wconf 82' lang='lat' dir='ltr'><strong>et</strong></span> <span class='ocrx_word' id='word_1_50' title='bbox 896 1040 1047 1103; x_wconf 73' lang='lat' dir='ltr'><strong>eoeatm</strong></span> <span class='ocrx_word' id='word_1_51' title='bbox 1080 1030 1273 1122; x_wconf 75' lang='lat' dir='ltr'><strong>animalia,</strong></span> <span class='ocrx_word' id='word_1_52' title='bbox 1302 1043 1345 1107; x_wconf 80' lang='lat' dir='ltr'><strong>et</strong></span> 
     </span>
     <span class='ocr_line' id='line_1_9' title="bbox 290 1141 1341 1233; baseline 0.009 -21"><span class='ocrx_word' id='word_1_53' title='bbox 290 1150 440 1214; x_wconf 78' lang='lat' dir='ltr'><strong>eventus</strong></span> <span class='ocrx_word' id='word_1_54' title='bbox 457 1164 549 1213; x_wconf 81' lang='lat' dir='ltr'><strong>anua</strong></span> <span class='ocrx_word' id='word_1_55' title='bbox 562 1142 630 1215; x_wconf 81' lang='lat' dir='ltr'><strong>eia.</strong></span> <span class='ocrx_word' id='word_1_56' title='bbox 660 1141 767 1214; x_wconf 82' lang='lat' dir='ltr'><strong>Sicut</strong></span> <span class='ocrx_word' id='word_1_57' title='bbox 783 1142 879 1214; x_wconf 83' lang='lat' dir='ltr'><strong>mori</strong></span> <span class='ocrx_word' id='word_1_58' title='bbox 897 1143 1012 1233; x_wconf 76' lang='lat' dir='ltr'><strong>istud,</strong></span> <span class='ocrx_word' id='word_1_59' title='bbox 1029 1143 1199 1216; x_wconf 75' lang='lat' dir='ltr'><strong>tiemari</strong></span> <span class='ocrx_word' id='word_1_60' title='bbox 1217 1144 1341 1220; x_wconf 74' lang='lat' dir='ltr'><strong>illum.</strong></span> 
     </span>
     <span class='ocr_line' id='line_1_10' title="bbox 289 1252 1342 1353; baseline 0.007 -28"><span class='ocrx_word' id='word_1_61' title='bbox 289 1252 346 1326; x_wconf 82' lang='lat' dir='ltr'><strong>Et</strong></span> <span class='ocrx_word' id='word_1_62' title='bbox 362 1253 523 1351; x_wconf 77' lang='lat' dir='ltr'><strong>spiritua</strong></span> <span class='ocrx_word' id='word_1_63' title='bbox 547 1279 639 1326; x_wconf 76' lang='lat' dir='ltr'><strong>unua</strong></span> <span class='ocrx_word' id='word_1_64' title='bbox 662 1254 838 1328; x_wconf 78' lang='lat' dir='ltr'><strong>omnibus.</strong></span> <span class='ocrx_word' id='word_1_65' title='bbox 890 1255 945 1328; x_wconf 82' lang='lat' dir='ltr'><strong>Et</strong></span> <span class='ocrx_word' id='word_1_66' title='bbox 962 1257 1194 1353; x_wconf 70' lang='lat' dir='ltr'><strong>premantia</strong></span> <span class='ocrx_word' id='word_1_67' title='bbox 1219 1257 1342 1332; x_wconf 73' lang='lat' dir='ltr'><strong>tomi-</strong></span> 
     </span>
     <span class='ocr_line' id='line_1_11' title="bbox 288 1365 1341 1468; baseline 0.008 -30"><span class='ocrx_word' id='word_1_68' title='bbox 288 1365 346 1439; x_wconf 83' lang='lat' dir='ltr'><strong>m‘a</strong></span> <span class='ocrx_word' id='word_1_69' title='bbox 357 1389 447 1464; x_wconf 78' lang='lat' dir='ltr'><strong>prce</strong></span> <span class='ocrx_word' id='word_1_70' title='bbox 465 1367 622 1440; x_wconf 82' lang='lat' dir='ltr'><strong>animali</strong></span> <span class='ocrx_word' id='word_1_71' title='bbox 639 1367 756 1459; x_wconf 83' lang='lat' dir='ltr'><strong>nulla,</strong></span> <span class='ocrx_word' id='word_1_72' title='bbox 769 1369 860 1468; x_wconf 81' lang='lat' dir='ltr'><strong>quia</strong></span> <span class='ocrx_word' id='word_1_73' title='bbox 878 1370 1000 1442; x_wconf 78' lang='lat' dir='ltr'><strong>urania</strong></span> <span class='ocrx_word' id='word_1_74' title='bbox 1017 1368 1178 1444; x_wconf 73' lang='lat' dir='ltr'><strong>canitae.</strong></span> <span class='ocrx_word' id='word_1_75' title='bbox 1219 1370 1341 1446; x_wconf 74' lang='lat' dir='ltr'><strong>Omne</strong></span> 
     </span>
     <span class='ocr_line' id='line_1_12' title="bbox 286 1479 1338 1582; baseline 0.006 -30"><span class='ocrx_word' id='word_1_76' title='bbox 286 1479 427 1553; x_wconf 70' lang='grc' dir='ltr'><em>υαᾱεηε</em></span> <span class='ocrx_word' id='word_1_77' title='bbox 445 1480 500 1554; x_wconf 85' lang='lat' dir='ltr'><strong>ad</strong></span> <span class='ocrx_word' id='word_1_78' title='bbox 514 1479 632 1554; x_wconf 84' lang='lat' dir='ltr'><strong>locum</strong></span> <span class='ocrx_word' id='word_1_79' title='bbox 650 1507 769 1556; x_wconf 83' lang='lat' dir='ltr'><strong>unum.</strong></span> <span class='ocrx_word' id='word_1_80' title='bbox 825 1481 939 1556; x_wconf 78' lang='lat' dir='ltr'><strong>omne</strong></span> <span class='ocrx_word' id='word_1_81' title='bbox 950 1483 1040 1579; x_wconf 79' lang='lat' dir='ltr'><strong>fuit</strong></span> <span class='ocrx_word' id='word_1_82' title='bbox 1057 1508 1104 1556; x_wconf 76' lang='lat' dir='ltr'><strong>ea</strong></span> <span class='ocrx_word' id='word_1_83' title='bbox 1114 1482 1281 1582; x_wconf 81' lang='lat' dir='ltr'><strong>pulvere</strong></span> <span class='ocrx_word' id='word_1_84' title='bbox 1297 1495 1338 1559; x_wconf 83' lang='lat' dir='ltr'><strong>et</strong></span> 
     </span>
     <span class='ocr_line' id='line_1_13' title="bbox 287 1594 1337 1696; baseline 0.009 -34"><span class='ocrx_word' id='word_1_85' title='bbox 287 1616 391 1664; x_wconf 82' lang='lat' dir='ltr'><strong>omne</strong></span> <span class='ocrx_word' id='word_1_86' title='bbox 407 1604 599 1667; x_wconf 74' lang='lat' dir='ltr'><strong>revertens</strong></span> <span class='ocrx_word' id='word_1_87' title='bbox 620 1595 676 1668; x_wconf 83' lang='lat' dir='ltr'><strong>ud</strong></span> <span class='ocrx_word' id='word_1_88' title='bbox 695 1594 900 1694; x_wconf 80' lang='lat' dir='ltr'><strong>puluerem.</strong></span> <span class='ocrx_word' id='word_1_89' title='bbox 956 1596 1049 1681; x_wconf 71' lang='lat' dir='ltr'><strong>Quis</strong></span> <span class='ocrx_word' id='word_1_90' title='bbox 1065 1596 1188 1670; x_wconf 78' lang='lat' dir='ltr'><strong>aciem</strong></span> <span class='ocrx_word' id='word_1_91' title='bbox 1214 1599 1337 1696; x_wconf 77' lang='lat' dir='ltr'><strong>apiri-</strong></span> 
     </span>
     <span class='ocr_line' id='line_1_14' title="bbox 288 1705 1338 1808; baseline 0.009 -32"><span class='ocrx_word' id='word_1_92' title='bbox 288 1713 348 1776; x_wconf 82' lang='lat' dir='ltr'><strong>tua</strong></span> <span class='ocrx_word' id='word_1_93' title='bbox 366 1705 539 1799; x_wconf 82' lang='lat' dir='ltr'><strong>filioram</strong></span> <span class='ocrx_word' id='word_1_94' title='bbox 568 1706 748 1781; x_wconf 78' lang='lat' dir='ltr'><strong>homiuum</strong></span> <span class='ocrx_word' id='word_1_95' title='bbox 775 1708 982 1782; x_wconf 74' lang='lat' dir='ltr'><strong>ascendens</strong></span> <span class='ocrx_word' id='word_1_96' title='bbox 1006 1710 1090 1808; x_wconf 82' lang='lat' dir='ltr'><strong>ipae</strong></span> <span class='ocrx_word' id='word_1_97' title='bbox 1112 1733 1275 1801; x_wconf 77' lang='lat' dir='ltr'><strong>sursum,</strong></span> <span class='ocrx_word' id='word_1_98' title='bbox 1297 1721 1338 1785; x_wconf 81' lang='lat' dir='ltr'><strong>et</strong></span> 
     </span>
     <span class='ocr_line' id='line_1_15' title="bbox 287 1818 1334 1920; baseline 0.01 -32"><span class='ocrx_word' id='word_1_99' title='bbox 287 1818 449 1916; x_wconf 77' lang='lat' dir='ltr'><strong>spiritua</strong></span> <span class='ocrx_word' id='word_1_100' title='bbox 470 1822 633 1916; x_wconf 80' lang='lat' dir='ltr'><strong>jumenti</strong></span> <span class='ocrx_word' id='word_1_101' title='bbox 651 1821 879 1894; x_wconf 73' lang='lat' dir='ltr'><strong>descendens</strong></span> <span class='ocrx_word' id='word_1_102' title='bbox 897 1822 980 1920; x_wconf 79' lang='lat' dir='ltr'><strong>ipae</strong></span> <span class='ocrx_word' id='word_1_103' title='bbox 1005 1822 1135 1896; x_wconf 64' lang='lat' dir='ltr'><strong>subtus</strong></span> <span class='ocrx_word' id='word_1_104' title='bbox 1149 1829 1334 1898; x_wconf 66' lang='lat' dir='ltr'><strong>terram?</strong></span> 
     </span>
     <span class='ocr_line' id='line_1_16' title="bbox 289 1932 1335 2033; baseline 0.006 -29"><span class='ocrx_word' id='word_1_105' title='bbox 289 1932 362 2005; x_wconf 93' lang='lat' dir='ltr'><strong>Ubi</strong></span> <span class='ocrx_word' id='word_1_106' title='bbox 379 1957 460 2030; x_wconf 83' lang='lat' dir='ltr'><strong>pre,</strong></span> <span class='ocrx_word' id='word_1_107' title='bbox 479 1933 534 2007; x_wconf 84' lang='lat' dir='ltr'><strong>ad</strong></span> <span class='ocrx_word' id='word_1_108' title='bbox 549 1933 778 2033; x_wconf 80' lang='lat' dir='ltr'><strong>purgandos</strong></span> <span class='ocrx_word' id='word_1_109' title='bbox 796 1958 871 2024; x_wconf 77' lang='lat' dir='ltr'><strong>eoa,</strong></span> <span class='ocrx_word' id='word_1_110' title='bbox 889 1935 1008 2008; x_wconf 89' lang='lat' dir='ltr'><strong>versio</strong></span> <span class='ocrx_word' id='word_1_111' title='bbox 1025 1936 1263 2032; x_wconf 78' lang='lat' dir='ltr'><strong>septuaginta</strong></span> <span class='ocrx_word' id='word_1_112' title='bbox 1279 1939 1335 2010; x_wconf 89' lang='lat' dir='ltr'><strong>vi-</strong></span> 
     </span>
     <span class='ocr_line' id='line_1_17' title="bbox 287 2046 1336 2150; baseline 0.006 -32"><span class='ocrx_word' id='word_1_113' title='bbox 287 2069 413 2120; x_wconf 91' lang='lat' dir='ltr'><strong>rorum</strong></span> <span class='ocrx_word' id='word_1_114' title='bbox 437 2048 550 2122; x_wconf 91' lang='lat' dir='ltr'><strong>habet</strong></span> <span class='ocrx_word' id='word_1_115' title='bbox 576 2046 736 2146; x_wconf 75' lang='grc' dir='ltr'><strong>διακρινεὶ,</strong></span> <span class='ocrx_word' id='word_1_116' title='bbox 764 2057 802 2120; x_wconf 93' lang='lat' dir='ltr'><strong>et</strong></span> <span class='ocrx_word' id='word_1_117' title='bbox 828 2072 896 2144; x_wconf 94' lang='lat' dir='ltr'><strong>pro</strong></span> <span class='ocrx_word' id='word_1_118' title='bbox 924 2072 1041 2147; x_wconf 73' lang='lat' dir='ltr'><strong>nuper</strong></span> <span class='ocrx_word' id='word_1_119' title='bbox 1069 2047 1231 2140; x_wconf 75' lang='lat' dir='ltr'><strong>verbum,</strong></span> <span class='ocrx_word' id='word_1_120' title='bbox 1261 2084 1336 2150; x_wconf 75' lang='grc' dir='ltr'><strong>περι</strong></span> 
     </span>
     <span class='ocr_line' id='line_1_18' title="bbox 287 2160 1336 2259; baseline 0.008 -29"><span class='ocrx_word' id='word_1_121' title='bbox 287 2162 416 2242; x_wconf 61' lang='lat' dir='ltr'><strong>laicae.</strong></span> <span class='ocrx_word' id='word_1_122' title='bbox 470 2163 605 2234; x_wconf 87' lang='lat' dir='ltr'><strong>Sensus</strong></span> <span class='ocrx_word' id='word_1_123' title='bbox 631 2184 719 2256; x_wconf 87' lang='lat' dir='ltr'><strong>ergo</strong></span> <span class='ocrx_word' id='word_1_124' title='bbox 737 2161 933 2233; x_wconf 90' lang='lat' dir='ltr'><strong>verborum</strong></span> <span class='ocrx_word' id='word_1_125' title='bbox 956 2173 1026 2251; x_wconf 89' lang='lat' dir='ltr'><strong>est,</strong></span> <span class='ocrx_word' id='word_1_126' title='bbox 1044 2167 1066 2200; x_wconf 94' lang='lat'><strong><em>“</em></strong></span> <span class='ocrx_word' id='word_1_127' title='bbox 1079 2160 1156 2234; x_wconf 87' lang='lat' dir='ltr'><strong>dixi</strong></span> <span class='ocrx_word' id='word_1_128' title='bbox 1182 2186 1254 2259; x_wconf 88' lang='lat' dir='ltr'><strong>ego</strong></span> <span class='ocrx_word' id='word_1_129' title='bbox 1286 2165 1336 2239; x_wconf 94' lang='lat' dir='ltr'><strong>de</strong></span> 
     </span>
     <span class='ocr_line' id='line_1_19' title="bbox 286 2273 1336 2369; baseline 0.006 -24"><span class='ocrx_word' id='word_1_130' title='bbox 286 2295 330 2347; x_wconf 92' lang='lat' dir='ltr'><strong>eo</strong></span> <span class='ocrx_word' id='word_1_131' title='bbox 347 2273 445 2369; x_wconf 93' lang='lat' dir='ltr'><strong>quod</strong></span> <span class='ocrx_word' id='word_1_132' title='bbox 464 2274 631 2347; x_wconf 90' lang='lat' dir='ltr'><strong>homines</strong></span> <span class='ocrx_word' id='word_1_133' title='bbox 656 2273 793 2361; x_wconf 89' lang='lat' dir='ltr'><strong>dicant,</strong></span> <span class='ocrx_word' id='word_1_134' title='bbox 813 2274 932 2346; x_wconf 91' lang='lat' dir='ltr'><strong>Deum</strong></span> <span class='ocrx_word' id='word_1_135' title='bbox 954 2274 1140 2348; x_wconf 81' lang='lat' dir='ltr'><strong>facturum</strong></span> <span class='ocrx_word' id='word_1_136' title='bbox 1158 2275 1336 2351; x_wconf 88' lang='lat' dir='ltr'><strong>differen-</strong></span> 
     </span>
     <span class='ocr_line' id='line_1_20' title="bbox 285 2386 1335 2466; baseline 0.007 -8"><span class='ocrx_word' id='word_1_137' title='bbox 285 2386 374 2459; x_wconf 85' lang='lat' dir='ltr'><strong>tiam</strong></span> <span class='ocrx_word' id='word_1_138' title='bbox 398 2386 627 2461; x_wconf 85' lang='lat' dir='ltr'><strong>essentialem</strong></span> <span class='ocrx_word' id='word_1_139' title='bbox 653 2386 882 2460; x_wconf 73' lang='lat' dir='ltr'><strong>interritam</strong></span> <span class='ocrx_word' id='word_1_140' title='bbox 908 2387 1066 2461; x_wconf 90' lang='lat' dir='ltr'><strong>hominis</strong></span> <span class='ocrx_word' id='word_1_141' title='bbox 1093 2400 1131 2461; x_wconf 88' lang='lat' dir='ltr'><strong>et</strong></span> <span class='ocrx_word' id='word_1_142' title='bbox 1156 2388 1259 2463; x_wconf 90' lang='lat' dir='ltr'><strong>bruti</strong></span> <span class='ocrx_word' id='word_1_143' title='bbox 1277 2394 1335 2466; x_wconf 89' lang='lat' dir='ltr'><strong>vi-</strong></span> 
     </span>
     <span class='ocr_line' id='line_1_21' title="bbox 285 2499 1335 2600; baseline 0.007 -28"><span class='ocrx_word' id='word_1_144' title='bbox 285 2511 373 2589; x_wconf 92' lang='lat' dir='ltr'><strong>tam,</strong></span> <span class='ocrx_word' id='word_1_145' title='bbox 392 2525 476 2573; x_wconf 89' lang='lat' dir='ltr'><strong>cnm</strong></span> <span class='ocrx_word' id='word_1_146' title='bbox 494 2513 644 2574; x_wconf 87' lang='lat' dir='ltr'><strong>eventus</strong></span> <span class='ocrx_word' id='word_1_147' title='bbox 660 2499 818 2572; x_wconf 91' lang='lat' dir='ltr'><strong>hominis</strong></span> <span class='ocrx_word' id='word_1_148' title='bbox 836 2514 874 2573; x_wconf 88' lang='lat' dir='ltr'><strong>et</strong></span> <span class='ocrx_word' id='word_1_149' title='bbox 891 2501 990 2574; x_wconf 91' lang='lat' dir='ltr'><strong>bruti</strong></span> <span class='ocrx_word' id='word_1_150' title='bbox 1008 2501 1105 2574; x_wconf 91' lang='lat' dir='ltr'><strong>idem</strong></span> <span class='ocrx_word' id='word_1_151' title='bbox 1131 2502 1189 2589; x_wconf 90' lang='lat' dir='ltr'><strong>sit,</strong></span> <span class='ocrx_word' id='word_1_152' title='bbox 1210 2527 1335 2600; x_wconf 87' lang='lat' dir='ltr'><strong>neque</strong></span> 
     </span>
     <span class='ocr_line' id='line_1_22' title="bbox 285 2614 1335 2710; baseline 0.006 -24"><span class='ocrx_word' id='word_1_153' title='bbox 285 2614 394 2686; x_wconf 91' lang='lat' dir='ltr'><strong>bomo</strong></span> <span class='ocrx_word' id='word_1_154' title='bbox 417 2639 483 2710; x_wconf 89' lang='lat' dir='ltr'><strong>per</strong></span> <span class='ocrx_word' id='word_1_155' title='bbox 500 2615 696 2687; x_wconf 87' lang='lat' dir='ltr'><strong>essentiam</strong></span> <span class='ocrx_word' id='word_1_156' title='bbox 715 2638 818 2687; x_wconf 92' lang='lat' dir='ltr'><strong>suam</strong></span> <span class='ocrx_word' id='word_1_157' title='bbox 836 2614 945 2687; x_wconf 91' lang='lat' dir='ltr'><strong>bruto</strong></span> <span class='ocrx_word' id='word_1_158' title='bbox 962 2627 1125 2710; x_wconf 89' lang='lat' dir='ltr'><strong>praestet,</strong></span> <span class='ocrx_word' id='word_1_159' title='bbox 1144 2619 1335 2710; x_wconf 93' lang='lat' dir='ltr'><strong>quomodo</strong></span> 
     </span>
     <span class='ocr_line' id='line_1_23' title="bbox 283 2728 1334 2823; baseline 0.005 -24"><span class='ocrx_word' id='word_1_160' title='bbox 283 2729 500 2823; x_wconf 87' lang='lat' dir='ltr'><strong>probabitur</strong></span> <span class='ocrx_word' id='word_1_161' title='bbox 521 2729 681 2801; x_wconf 90' lang='lat' dir='ltr'><strong>animam</strong></span> <span class='ocrx_word' id='word_1_162' title='bbox 706 2728 865 2800; x_wconf 88' lang='lat' dir='ltr'><strong>hominis</strong></span> <span class='ocrx_word' id='word_1_163' title='bbox 891 2752 1137 2817; x_wconf 83' lang='lat' dir='ltr'><strong>ascensuram,</strong></span> <span class='ocrx_word' id='word_1_164' title='bbox 1160 2741 1225 2802; x_wconf 89' lang='lat' dir='ltr'><strong>aut</strong></span> <span class='ocrx_word' id='word_1_165' title='bbox 1251 2732 1334 2804; x_wconf 91' lang='lat' dir='ltr'><strong>ani-</strong></span> 
     </span>
     <span class='ocr_line' id='line_1_24' title="bbox 283 2840 1331 2917; baseline 0.004 -4"><span class='ocrx_word' id='word_1_166' title='bbox 283 2866 382 2914; x_wconf 92' lang='lat' dir='ltr'><strong>mam</strong></span> <span class='ocrx_word' id='word_1_167' title='bbox 408 2842 509 2915; x_wconf 91' lang='lat' dir='ltr'><strong>bruti</strong></span> <span class='ocrx_word' id='word_1_168' title='bbox 537 2842 796 2914; x_wconf 88' lang='lat' dir='ltr'><strong>descensuram</strong></span> <span class='ocrx_word' id='word_1_169' title='bbox 818 2840 931 2913; x_wconf 88' lang='lat' dir='ltr'><strong>esse.&#39;&#39;</strong></span> <span class='ocrx_word' id='word_1_170' title='bbox 985 2840 1058 2914; x_wconf 86' lang='lat' dir='ltr'><strong>Sed</strong></span> <span class='ocrx_word' id='word_1_171' title='bbox 1086 2841 1182 2914; x_wconf 91' lang='lat' dir='ltr'><strong>idem</strong></span> <span class='ocrx_word' id='word_1_172' title='bbox 1200 2843 1331 2917; x_wconf 85' lang='lat' dir='ltr'><strong>Eccle-</strong></span> 
     </span>
     <span class='ocr_line' id='line_1_25' title="bbox 284 2954 1331 3055; baseline 0.003 -27"><span class='ocrx_word' id='word_1_173' title='bbox 284 2955 412 3028; x_wconf 88' lang='lat' dir='ltr'><strong>siastes</strong></span> <span class='ocrx_word' id='word_1_174' title='bbox 434 2955 615 3051; x_wconf 90' lang='lat' dir='ltr'><strong>judicium</strong></span> <span class='ocrx_word' id='word_1_175' title='bbox 642 2954 715 3027; x_wconf 90' lang='lat' dir='ltr'><strong>diei</strong></span> <span class='ocrx_word' id='word_1_176' title='bbox 741 2954 861 3027; x_wconf 88' lang='lat' dir='ltr'><strong>ultimi</strong></span> <span class='ocrx_word' id='word_1_177' title='bbox 888 2955 927 3026; x_wconf 89' lang='lat' dir='ltr'><strong>in</strong></span> <span class='ocrx_word' id='word_1_178' title='bbox 953 2955 1082 3028; x_wconf 88' lang='lat' dir='ltr'><strong>eodem</strong></span> <span class='ocrx_word' id='word_1_179' title='bbox 1108 2955 1201 3029; x_wconf 90' lang='lat' dir='ltr'><strong>libro</strong></span> <span class='ocrx_word' id='word_1_180' title='bbox 1230 2981 1331 3055; x_wconf 87' lang='lat' dir='ltr'><strong>saepe</strong></span> 
     </span>
     <span class='ocr_line' id='line_1_26' title="bbox 283 3069 1332 3165; baseline 0.004 -24"><span class='ocrx_word' id='word_1_181' title='bbox 283 3072 423 3143; x_wconf 87' lang='lat' dir='ltr'><strong>asserit.</strong></span> <span class='ocrx_word' id='word_1_182' title='bbox 486 3069 666 3165; x_wconf 84' lang='lat' dir='ltr'><strong>Magnum</strong></span> <span class='ocrx_word' id='word_1_183' title='bbox 705 3070 776 3141; x_wconf 90' lang='lat' dir='ltr'><strong>hoc</strong></span> <span class='ocrx_word' id='word_1_184' title='bbox 815 3081 1073 3163; x_wconf 84' lang='lat' dir='ltr'><strong>argumentum</strong></span> <span class='ocrx_word' id='word_1_185' title='bbox 1107 3080 1163 3143; x_wconf 89' lang='lat' dir='ltr'><strong>est</strong></span> <span class='ocrx_word' id='word_1_186' title='bbox 1196 3083 1332 3145; x_wconf 90' lang='lat' dir='ltr'><strong>contra</strong></span> 
     </span>
     <span class='ocr_line' id='line_1_27' title="bbox 283 3181 1329 3277; baseline 0.005 -24"><span class='ocrx_word' id='word_1_187' title='bbox 283 3205 501 3256; x_wconf 89' lang='lat' dir='ltr'><strong>consensum</strong></span> <span class='ocrx_word' id='word_1_188' title='bbox 527 3183 642 3268; x_wconf 87' lang='lat' dir='ltr'><strong>illum,</strong></span> <span class='ocrx_word' id='word_1_189' title='bbox 670 3206 779 3277; x_wconf 92' lang='lat' dir='ltr'><strong>quem</strong></span> <span class='ocrx_word' id='word_1_190' title='bbox 810 3181 901 3253; x_wconf 92' lang='lat' dir='ltr'><strong>dicis</strong></span> <span class='ocrx_word' id='word_1_191' title='bbox 933 3182 1097 3254; x_wconf 92' lang='lat' dir='ltr'><strong>omnium</strong></span> <span class='ocrx_word' id='word_1_192' title='bbox 1123 3183 1329 3258; x_wconf 90' lang='lat' dir='ltr'><strong>hominum.</strong></span> 
     </span>
     <span class='ocr_line' id='line_1_28' title="bbox 283 3294 1330 3385; baseline 0.005 -19"><span class='ocrx_word' id='word_1_193' title='bbox 283 3294 478 3385; x_wconf 87' lang='lat' dir='ltr'><strong>Praeterea,</strong></span> <span class='ocrx_word' id='word_1_194' title='bbox 495 3319 542 3367; x_wconf 91' lang='lat' dir='ltr'><strong>ne</strong></span> <span class='ocrx_word' id='word_1_195' title='bbox 571 3295 778 3368; x_wconf 89' lang='lat' dir='ltr'><strong>obstinatus</strong></span> <span class='ocrx_word' id='word_1_196' title='bbox 801 3294 869 3367; x_wconf 90' lang='lat' dir='ltr'><strong>tibi</strong></span> <span class='ocrx_word' id='word_1_197' title='bbox 886 3295 1023 3383; x_wconf 90' lang='lat' dir='ltr'><strong>videar,</strong></span> <span class='ocrx_word' id='word_1_198' title='bbox 1042 3295 1330 3371; x_wconf 88' lang='lat' dir='ltr'><strong>demonstratio-</strong></span> 
     </span>
     <span class='ocr_line' id='line_1_29' title="bbox 282 3408 1329 3504; baseline 0.005 -24"><span class='ocrx_word' id='word_1_199' title='bbox 282 3432 366 3481; x_wconf 89' lang='lat' dir='ltr'><strong>nem</strong></span> <span class='ocrx_word' id='word_1_200' title='bbox 385 3433 429 3481; x_wconf 84' lang='lat' dir='ltr'><strong>ex</strong></span> <span class='ocrx_word' id='word_1_201' title='bbox 448 3409 658 3496; x_wconf 88' lang='lat' dir='ltr'><strong>Aristotele,</strong></span> <span class='ocrx_word' id='word_1_202' title='bbox 683 3422 746 3482; x_wconf 88' lang='lat' dir='ltr'><strong>aut</strong></span> <span class='ocrx_word' id='word_1_203' title='bbox 765 3409 914 3481; x_wconf 89' lang='lat' dir='ltr'><strong>Platone</strong></span> <span class='ocrx_word' id='word_1_204' title='bbox 940 3408 1075 3504; x_wconf 85' lang='lat' dir='ltr'><strong>profer,</strong></span> <span class='ocrx_word' id='word_1_205' title='bbox 1096 3410 1151 3482; x_wconf 88' lang='lat' dir='ltr'><strong>vel</strong></span> <span class='ocrx_word' id='word_1_206' title='bbox 1181 3433 1226 3482; x_wconf 83' lang='lat' dir='ltr'><strong>ex</strong></span> <span class='ocrx_word' id='word_1_207' title='bbox 1253 3411 1329 3486; x_wconf 86' lang='lat' dir='ltr'><strong>alio</strong></span> 
     </span>
     <span class='ocr_line' id='line_1_30' title="bbox 282 3522 1327 3619; baseline 0.004 -26"><span class='ocrx_word' id='word_1_208' title='bbox 282 3547 501 3619; x_wconf 88' lang='lat' dir='ltr'><strong>quocunque</strong></span> <span class='ocrx_word' id='word_1_209' title='bbox 528 3522 757 3618; x_wconf 90' lang='lat' dir='ltr'><strong>philosopho,</strong></span> <span class='ocrx_word' id='word_1_210' title='bbox 776 3547 848 3618; x_wconf 89' lang='lat' dir='ltr'><strong>qua</strong></span> <span class='ocrx_word' id='word_1_211' title='bbox 873 3523 1080 3594; x_wconf 89' lang='lat' dir='ltr'><strong>naturalem</strong></span> <span class='ocrx_word' id='word_1_212' title='bbox 1097 3523 1229 3596; x_wconf 76' lang='lat' dir='ltr'><strong>animm</strong></span> <span class='ocrx_word' id='word_1_213' title='bbox 1256 3525 1327 3597; x_wconf 93' lang='lat' dir='ltr'><strong>im-</strong></span> 
     </span>
     <span class='ocr_line' id='line_1_31' title="bbox 281 3635 1327 3733; baseline 0 -23"><span class='ocrx_word' id='word_1_214' title='bbox 281 3638 544 3711; x_wconf 86' lang='lat' dir='ltr'><strong>mortalitatem</strong></span> <span class='ocrx_word' id='word_1_215' title='bbox 571 3648 648 3708; x_wconf 89' lang='lat' dir='ltr'><strong>tam</strong></span> <span class='ocrx_word' id='word_1_216' title='bbox 682 3649 808 3732; x_wconf 88' lang='lat' dir='ltr'><strong>aperte</strong></span> <span class='ocrx_word' id='word_1_217' title='bbox 845 3635 1030 3709; x_wconf 90' lang='lat' dir='ltr'><strong>concludit</strong></span> <span class='ocrx_word' id='word_1_218' title='bbox 1060 3660 1105 3708; x_wconf 85' lang='lat' dir='ltr'><strong>ex</strong></span> <span class='ocrx_word' id='word_1_219' title='bbox 1134 3636 1327 3733; x_wconf 92' lang='lat' dir='ltr'><strong>principiis</strong></span> 
     </span>
     <span class='ocr_line' id='line_1_32' title="bbox 281 3750 1327 3846; baseline 0.002 -21"><span class='ocrx_word' id='word_1_220' title='bbox 281 3752 521 3835; x_wconf 91' lang='lat' dir='ltr'><strong>naturalibus,</strong></span> <span class='ocrx_word' id='word_1_221' title='bbox 539 3775 649 3846; x_wconf 88' lang='lat' dir='ltr'><strong>quam</strong></span> <span class='ocrx_word' id='word_1_222' title='bbox 677 3763 802 3846; x_wconf 89' lang='lat' dir='ltr'><strong>aperte</strong></span> <span class='ocrx_word' id='word_1_223' title='bbox 827 3775 895 3845; x_wconf 86' lang='lat' dir='ltr'><strong>ego</strong></span> <span class='ocrx_word' id='word_1_224' title='bbox 914 3773 959 3821; x_wconf 87' lang='lat' dir='ltr'><strong>ex</strong></span> <span class='ocrx_word' id='word_1_225' title='bbox 986 3750 1184 3846; x_wconf 88' lang='lat' dir='ltr'><strong>Scripturis</strong></span> <span class='ocrx_word' id='word_1_226' title='bbox 1203 3751 1327 3827; x_wconf 89' lang='lat' dir='ltr'><strong>Sacris</strong></span> 
     </span>
     <span class='ocr_line' id='line_1_33' title="bbox 282 3864 1326 3960; baseline -0.001 -21"><span class='ocrx_word' id='word_1_227' title='bbox 282 3865 530 3939; x_wconf 89' lang='lat' dir='ltr'><strong>demonstravi</strong></span> <span class='ocrx_word' id='word_1_228' title='bbox 555 3865 718 3937; x_wconf 87' lang='lat' dir='ltr'><strong>futuram</strong></span> <span class='ocrx_word' id='word_1_229' title='bbox 741 3865 867 3936; x_wconf 89' lang='lat' dir='ltr'><strong>electis</strong></span> <span class='ocrx_word' id='word_1_230' title='bbox 893 3864 1138 3936; x_wconf 87' lang='lat' dir='ltr'><strong>aeternitatem</strong></span> <span class='ocrx_word' id='word_1_231' title='bbox 1155 3864 1240 3937; x_wconf 87' lang='lat' dir='ltr'><strong>vitae</strong></span> <span class='ocrx_word' id='word_1_232' title='bbox 1257 3889 1326 3960; x_wconf 91' lang='lat' dir='ltr'><strong>per</strong></span> 
     </span>
     <span class='ocr_line' id='line_1_34' title="bbox 282 3978 1324 4075; baseline 0 -23"><span class='ocrx_word' id='word_1_233' title='bbox 282 3980 467 4052; x_wconf 83' lang='lat' dir='ltr'><strong>Christum</strong></span> <span class='ocrx_word' id='word_1_234' title='bbox 496 3979 725 4075; x_wconf 88' lang='lat' dir='ltr'><strong>acquisitam,</strong></span> <span class='ocrx_word' id='word_1_235' title='bbox 744 3978 987 4073; x_wconf 87' lang='lat' dir='ltr'><strong>acquiescam.</strong></span> <span class='ocrx_word' id='word_1_236' title='bbox 1041 3978 1184 4064; x_wconf 87' lang='lat' dir='ltr'><strong>Anima,</strong></span> <span class='ocrx_word' id='word_1_237' title='bbox 1202 3978 1324 4073; x_wconf 93' lang='lat' dir='ltr'><strong>inqui-</strong></span> 
     </span>
     <span class='ocr_line' id='line_1_35' title="bbox 280 4091 1322 4189; baseline 0.002 -24"><span class='ocrx_word' id='word_1_238' title='bbox 280 4107 358 4180; x_wconf 91' lang='lat' dir='ltr'><strong>unt,</strong></span> <span class='ocrx_word' id='word_1_239' title='bbox 378 4093 529 4189; x_wconf 85' lang='lat' dir='ltr'><strong>cogitat,</strong></span> <span class='ocrx_word' id='word_1_240' title='bbox 554 4092 733 4179; x_wconf 91' lang='lat' dir='ltr'><strong>meminit,</strong></span> <span class='ocrx_word' id='word_1_241' title='bbox 762 4091 1016 4163; x_wconf 87' lang='lat' dir='ltr'><strong>ratiocinatur.</strong></span> <span class='ocrx_word' id='word_1_242' title='bbox 1070 4091 1182 4180; x_wconf 76' lang='lat' dir='ltr'><strong>auid,</strong></span> <span class='ocrx_word' id='word_1_243' title='bbox 1200 4091 1230 4163; x_wconf 93' lang='lat' dir='ltr'><strong>si</strong></span> <span class='ocrx_word' id='word_1_244' title='bbox 1250 4091 1322 4167; x_wconf 90' lang='lat' dir='ltr'><strong>hoc</strong></span> 
     </span>
     <span class='ocr_line' id='line_1_36' title="bbox 279 4203 1320 4300; baseline 0.001 -23"><span class='ocrx_word' id='word_1_245' title='bbox 279 4229 429 4300; x_wconf 79' lang='lat' dir='ltr'><strong>neganS,</strong></span> <span class='ocrx_word' id='word_1_246' title='bbox 462 4205 589 4277; x_wconf 87' lang='lat' dir='ltr'><strong>dixero</strong></span> <span class='ocrx_word' id='word_1_247' title='bbox 621 4229 699 4278; x_wconf 88' lang='lat' dir='ltr'><strong>esse</strong></span> <span class='ocrx_word' id='word_1_248' title='bbox 730 4205 849 4299; x_wconf 92' lang='lat' dir='ltr'><strong>ipsum</strong></span> <span class='ocrx_word' id='word_1_249' title='bbox 875 4203 1011 4276; x_wconf 90' lang='lat' dir='ltr'><strong>animal</strong></span> <span class='ocrx_word' id='word_1_250' title='bbox 1042 4203 1143 4298; x_wconf 91' lang='lat' dir='ltr'><strong>quod</strong></span> <span class='ocrx_word' id='word_1_251' title='bbox 1169 4204 1320 4299; x_wconf 85' lang='lat' dir='ltr'><strong>cogitat,</strong></span> 
     </span>
    </p>
   </div>
   <div class='ocr_carea' id='block_1_5' title="bbox 0 0 1468 4980">
    <p class='ocr_par' dir='ltr' id='par_1_5' title="bbox 0 0 1468 4980">
     <span class='ocr_line' id='line_1_37' title="bbox 0 0 1468 4980; baseline 0 5"><span class='ocrx_word' id='word_1_252' title='bbox 0 0 1468 4980; x_wconf 95' lang='lat' dir='ltr'><strong> </strong></span> 
     </span>
    </p>
   </div>
  </div>
 </body>
</html>
