2926 4980
353 377 423 444 180
723 393 777 444 nn
798 393 1002 445 crvrmrn.

147 593 224 642 cip,
238 591 325 643 xxn,
401 560 553 633 Foedera
569 560 714 649 civium,
734 561 906 657 quoniam
919 575 1071 658 propter
1081 572 1250 635 mutuam
1263 558 1390 633 defeu-

166 674 308 707 κων-ν

153 731 187 774 Dc
196 739 298 788 systema

151 797 211 840 tibus
221 798 309 842 civium.

350 675 488 748 sionem
505 673 584 746 fieri
602 673 741 747 foedera
764 675 893 766 solent,
912 676 1129 765 incivitate,
1148 699 1231 771 quae
1255 674 1390 747 civium

350 788 514 860 omnium
531 786 651 859 soedus
666 811 858 860 commuue
876 800 942 878 est,
961 788 1169 861 necessaria
1186 811 1261 861 non
1280 798 1388 870 sunt;

349 900 414 973 sed
427 912 597 996 suspecta
612 911 698 974 sunt
715 902 855 974 consilii
870 915 1001 975 contra
1018 902 1205 975 civitatem
1216 901 1321 984 initi;
1352 912 1390 974 et

348 1026 544 1110 propterea
561 1024 645 1086 suut
662 1013 799 1103 illicita,
816 1026 1068 1111 vocanturque
1085 1014 1196 1111 vulgo
1218 1014 1390 1109 conjura-

349 1127 467 1200 tiones
494 1139 532 1199 et
565 1126 767 1211 factiones;
794 1128 936 1223 quoties
970 1141 1093 1201 autem
1123 1128 1258 1200 civium
1292 1127 1390 1199 vires

349 1265 432 1314 suas
443 1241 742 1336 conjungentium
757 1241 948 1314 consilium
963 1243 1192 1337 incognitum
1204 1252 1270 1328 est,
1282 1251 1327 1312 ut
1338 1239 1390 1312 ci·
1407 1294 1416 1306 .

349 1354 455 1426 vitati
466 1353 723 1448 periculosum,
741 1355 917 1450 injustum
930 1366 967 1427 et
980 1354 1115 1449 injuste
1127 1354 1285 1427 celatum
1303 1365 1372 1426 est.
1444 1432 1459 1450 ‚

399 1467 437 1539 Si
455 1479 619 1562 potestas
637 1491 778 1540 summa
801 1469 839 1540 iu
872 1478 969 1539 coetu
992 1479 1126 1563 magno
1153 1466 1211 1555 sit,
1230 1489 1390 1562 parsque

348 1579 456 1667 illius,
472 1580 615 1652 caeteris
627 1580 760 1670 insciis,
774 1581 966 1654 consilium
977 1580 1127 1653 seorsim
1138 1580 1286 1676 capiant
1298 1603 1390 1675 quo·

349 1690 460 1764 modo
478 1705 615 1765 coetum
633 1703 753 1766 totum
766 1695 814 1767 ad
832 1695 1024 1767 arbitrium
1047 1719 1151 1767 suum
1169 1695 1390 1790 gubernent,

348 1805 461 1878 factio
480 1817 534 1878 est
557 1817 594 1878 et
612 1820 813 1880 conventus
831 1807 978 1881 illicitus
1000 1807 1189 1880 hominum
1206 1831 1273 1904 per
1289 1806 1390 1879 frau-

349 1917 433 1990 dem
452 1918 499 1990 ad
516 1918 746 2009 seditionem,
757 1921 965 1994 ambitionis
976 1921 1133 2018 propriae
1152 1944 1273 2007 causa,
1289 1920 1390 1993 deci-

349 2032 682 2127 perecupientium.

399 2144 442 2216 In
461 2144 671 2217 civitatibus
684 2147 865 2235 omnibus,
880 2147 911 2219 si
925 2147 1004 2242 quis
1017 2146 1106 2219 civis
1117 2147 1240 2242 plures
1255 2147 1390 2220 habeat

349 2259 504 2332 famulos
521 2269 558 2331 et
569 2283 693 2332 servos
711 2284 820 2356 quam
839 2260 1001 2333 conditio
1016 2261 1094 2356 ejus
1106 2272 1142 2332 et
1159 2283 1217 2333 res
1235 2259 1389 2355 agendae

349 2373 549 2468 postulant,
578 2372 689 2445 factio
724 2385 781 2446 est
806 2373 943 2445 illicita.
994 2372 1087 2445 Cum
1118 2373 1214 2445 enim
1242 2387 1387 2469 protec-

350 2485 488 2557 tionem
503 2485 634 2559 habeat
653 2487 822 2573 civitatis
837 2486 1059 2559 defensionis
1073 2510 1182 2560 causa
1195 2487 1231 2558 vi
1244 2487 1389 2583 privata

350 2622 426 2671 non
444 2598 596 2695 indiget.

402 2712 611 2786 Concursus
640 2713 765 2809 populi
796 2723 954 2810 systema
984 2724 1062 2797 est;
1089 2713 1154 2786 sed
1174 2714 1387 2810 irregulare,

352 2827 437 2920 quia
471 2827 548 2899 sine
579 2850 744 2923 personae
778 2828 932 2901 unitate.
985 2827 1142 2900 Licitum
1174 2839 1297 2900 autem
1331 2827 1388 2900 vel

350 2939 519 3011 illicitum
553 2950 620 3027 est,
647 2951 757 3036 prout
785 2964 895 3013 causa
924 2940 1168 3012 concurrendi
1195 2940 1309 3029 licita,
1330 2939 1389 3013 vel

351 3052 647 3125 concurrentium
664 3075 836 3124 numerus
854 3052 993 3124 civitati
1010 3052 1234 3148 periculosus
1247 3065 1313 3124 est.
1350 3053 1389 3125 Si

351 3167 571 3260 causajusta
598 3176 636 3237 et
669 3166 819 3261 cognita
849 3166 908 3253 sit,
928 3189 1126 3238 concursus
1154 3165 1276 3237 licitus
1307 3178 1387 3249 est;

352 3278 469 3371 qualis
500 3290 555 3351 est
575 3302 775 3351 concursus
801 3279 990 3352 hominum
1014 3277 1061 3351 ad
1091 3302 1243 3374 pompas
1274 3291 1312 3350 et
1342 3277 1389 3351 ad

351 3391 538 3464 theatrum
554 3414 707 3463 numero
724 3415 798 3464 non
816 3391 977 3464 insolito.
1029 3391 1125 3463 Nam
1156 3392 1186 3463 si
1216 3415 1390 3464 numerus

351 3505 460 3577 solito
479 3505 670 3600 insigniter
681 3506 798 3600 major
812 3504 871 3594 sit,
883 3505 925 3594 is,
938 3504 1001 3600 qui
1015 3528 1162 3576 causam
1175 3503 1389 3599 legitimam,

352 3642 464 3714 quare
498 3617 726 3691 multitudini
761 3629 876 3690 tantae
910 3616 1090 3705 interfuit,
1125 3616 1278 3689 reddere
1314 3641 1390 3690 non

351 3743 487 3828 potest,
506 3731 648 3804 consilii
666 3731 827 3803 seditiosi
845 3730 1012 3802 conscius
1033 3729 1270 3825 judicabitur.
1324 3731 1389 3820 Ut,

352 3869 435 3917 cum
449 3844 547 3915 mille
564 3843 732 3916 homiues
753 3842 982 3937 magistratui
1001 3842 1059 3914 vel
1073 3842 1189 3938 judici
1207 3842 1387 3938 supplica·

351 3959 491 4031 tionem
510 3958 677 4044 offerant,
694 3956 754 4028 lex
770 3957 924 4028 fortasse
943 3955 1059 4028 civilis
1072 3956 1174 4028 nulla
1196 3957 1388 4051 prohibet;

352 4095 551 4144 concursus
569 4083 692 4142 tamen
710 4069 770 4141 ille
788 4068 967 4141 tumultus
994 4083 1051 4142 est
1079 4069 1284 4158 seditiosus,
1304 4069 1390 4165 quia

350 4206 416 4278 per
430 4208 543 4256 unum
557 4183 615 4255 vel
626 4182 718 4254 duos
729 4181 895 4253 homines
906 4180 1003 4252 idem
1014 4183 1094 4253 fieri
1104 4181 1237 4277 potuit.
1290 4180 1389 4253 Mul-

349 4296 470 4369 titudo
489 4309 622 4384 autem,
642 4319 725 4391 quae
743 4316 960 4368 concursum
979 4293 1147 4367 illicitum
1162 4292 1296 4383 reddit,
1314 4317 1389 4366 non
