2926 4980
342 377 396 429 nu
415 377 610 428 crvrraru
633 377 901 431 couterinus.
1033 408 1036 415 .
1066 358 1143 437 273

42 557 45 564 '
98 551 295 638 postquam
307 545 427 618 David
435 558 578 641 partem
593 545 700 641 spolii
712 545 795 633 illis,
810 547 871 640 qui
885 553 1141 617 remanserunt
1155 573 1354 623 capuxxm

97 654 147 728 ad
157 657 329 746 sarcinas,
342 683 484 753 aequam
496 683 580 730 cum
591 658 896 731 descendentibus
908 657 956 730 ad
972 656 1139 753 praelium
1154 658 1343 756 „effa

97 767 358 864 adjudicasset,
370 772 460 843 dicit
477 772 645 866 scriptor,
657 770 853 865 etfuctum
866 780 924 842 art
937 769 1005 842 hoc
1018 795 1065 841 ec
1077 767 1139 840 die
1152 778 1259 853 finitum
1272 746 1345 853 ⁸⁰’om

96 881 182 969 illa,
199 893 238 954 et
257 883 433 981 deinceps
450 884 689 956 constitutum
712 893 750 955 et
771 883 1002 980 praefinitum
1027 881 1139 979 quusi
1152 843 1355 965 &hildilid

96 992 209 1066 lexin
224 994 353 1068 lsrael
363 1021 477 1092 usque
492 996 529 1068 in
542 996 639 1068 diem
652 996 757 1069 huuc.
787 996 881 1068 Item
896 1005 918 1068 2
939 996 1024 1068 Sam
1039 996 1087 1066 vi.
1101 1005 1136 1082 8,
1151 985 1329 1017 “mmm

97 1106 162 1178 ubi
180 1107 299 1180 David
325 1120 475 1205 propter
500 1121 655 1182 mortem
675 1110 786 1182 Uzzae
804 1109 1042 1181 contristatus
1069 1120 1138 1196 est,

96 1218 187 1292 dicit
213 1221 393 1318 scriptor:
429 1223 605 1294 Voculam
627 1233 683 1295 eet
697 1246 823 1294 nemea
841 1221 916 1294 loci
930 1221 1034 1295 illius
1047 1245 1139 1319 per-

96 1333 219 1405 cursio
241 1333 355 1424 Urere,
374 1360 489 1431 usque
508 1335 545 1407 in
560 1335 656 1407 diem
669 1335 777 1408 hanc.

148 1446 236 1520 Loci
254 1472 299 1518 ex
324 1447 427 1519 libris
452 1448 592 1543 Regum
622 1460 658 1519 et
686 1446 986 1543 Paralipomenon
1004 1446 1140 1520 similes

95 1571 183 1631 ante
209 1560 328 1646 dictis,
355 1585 487 1657 nempe
518 1571 529 1632 l
563 1561 655 1656 Reg.
680 1561 729 1632 ix.
754 1570 819 1634 13:
847 1561 895 1633 ix.
915 1571 985 1634 21:
1013 1586 1048 1634 x.
1072 1571 1139 1634 12:

95 1673 158 1745 xii.
195 1684 261 1747 19:
290 1684 312 1747 2
341 1676 429 1770 Reg.
458 1674 495 1747 ii.
523 1683 593 1747 22:
626 1673 699 1746 viii.
727 1684 800 1746 22:
827 1698 863 1747 x.
890 1679 963 1756 27:
990 1674 1062 1746 xiv.
1091 1679 1138 1756 7:

96 1787 1138 1862 xvi.o:xvii.23:xvii.342xvii.41:1Paral.iv.41:

96 1923 130 1972 v.
146 1909 207 1989 26,
223 1901 422 1974 ostendunt
434 1902 588 1998 scriptos
600 1925 680 1973 esse
695 1901 775 1972 illos
793 1901 904 1972 libros
922 1901 1032 1997 longo
1045 1910 1138 1973 tem-

95 2037 186 2109 pore
203 2028 288 2110 post
306 2039 363 2086 res
377 2015 472 2110 ipsas
489 2026 635 2110 gestas:
664 2014 762 2109 quod
776 2026 899 2085 autem
918 2014 1029 2085 etiam
1053 2025 1138 2109 post

95 2127 346 2222 captivitatem
379 2128 652 2224 Babylonicam,
685 2138 902 2222 argumento
936 2138 1004 2215 est,
1039 2126 1138 2222 quod

96 2240 175 2336 ipsa
201 2240 354 2313 historia
379 2241 416 2312 in
444 2240 692 2337 captivitatem
712 2238 856 2311 desiuit.
909 2240 1022 2311 Facta
1039 2240 1138 2312 enim

95 2354 295 2426 vetustiora
326 2378 405 2426 esse
436 2378 584 2426 necesse
612 2364 666 2426 est
692 2377 803 2447 quam
827 2352 992 2438 historia,
1018 2352 1135 2425 multo

96 2466 212 2562 magis
232 2490 343 2560 quam
361 2466 446 2539 libri
464 2466 529 2553 illi,
548 2467 610 2562 qui
629 2465 821 2539 historiam
839 2464 968 2553 citant,
987 2476 1029 2538 ut
1046 2466 1136 2538 faci-

94 2591 164 2650 unt
189 2578 227 2650 hi
253 2578 337 2650 libri
364 2579 427 2673 qui
453 2578 569 2650 citant
594 2576 742 2649 annales
769 2600 898 2672 regum
916 2576 1074 2665 Israelis,
1093 2578 1135 2649 li-

95 2691 200 2762 brum
215 2691 405 2787 prophetae
418 2690 608 2779 Samuelis,
619 2691 754 2762 librum
768 2691 958 2785 prophetae
972 2690 1135 2776 Nathan,

95 2804 228 2877 librum
260 2805 450 2901 prophetae
485 2804 630 2900 Abijah,
661 2803 838 2875 visionem
867 2801 998 2891 Jehd0,
1022 2803 1135 2877 libros

95 2918 287 3013 prophetae
306 2919 457 2990 Serviah
474 2929 512 2989 et
529 2917 719 3012 prophetae
735 2914 853 2989 Addo.

147 3028 257 3104 Quod
268 3030 350 3102 libri
362 3031 489 3103 Esdrae
503 3042 540 3102 et
559 3029 748 3102 Nehemiae
762 3029 891 3125 scripti
900 3029 1038 3103 fuerint
1049 3044 1134 3126 post

94 3142 254 3216 reditum
271 3167 294 3215 a
309 3143 537 3239 captivitate,
550 3167 594 3215 ex
608 3142 709 3214 libris
721 3141 809 3237 ipsis
818 3142 1052 3216 manifestum
1066 3158 1134 3233 est,

94 3257 416 3330 reaedificationem
447 3281 634 3330 murorum
657 3274 694 3329 et
721 3255 894 3328 domuum
920 3257 1134 3344 Jerusalem,

94 3381 133 3444 et
165 3371 264 3467 pacti
299 3370 586 3459 renovationem,
622 3383 659 3442 et
692 3368 830 3466 politiae
865 3369 1134 3443 ordinationem

94 3484 362 3557 enarrantibus

144 3597 254 3669 Liber
280 3597 412 3669 Esther
440 3598 478 3669 iu
507 3597 585 3693 ipsa
612 3596 836 3692 captivitate,
861 3595 919 3668 vel
944 3609 1028 3691 post
1054 3619 1135 3668 eam

94 3711 254 3806 scriptus
272 3722 339 3782 est.

142 3823 345 3919 Temporis,
364 3823 490 3916 inquo
509 3822 665 3917 scriptus
683 3820 731 3893 sit
749 3820 842 3893 liber
851 3821 873 3894 J
876 3822 935 3908 ob,
954 3834 1080 3893 notam
1094 3823 1133 3894 in

93 3936 173 4034 ipso
190 3936 328 4009 nullam
347 3937 506 4009 invenio.
558 3935 778 4030 Quanquam
798 3948 920 4006 autem
938 3959 1133 4029 personam

92 4075 227 4138 veram,
239 4074 314 4122 non
326 4051 449 4122 fictam
461 4049 574 4120 fuisse
587 4048 721 4120 Jobum
734 4071 777 4120 ex
793 4046 974 4120 Ezechiel.
986 4047 1057 4119 xiv.
1077 4057 1131 4137 14,

92 4177 131 4238 et
162 4166 240 4237 Jac.
267 4188 301 4237 v.
334 4174 387 4251 ll,
416 4161 658 4236 certissimum
683 4161 759 4246 sit;
793 4160 885 4233 liber
913 4173 1037 4233 tamen
1072 4161 1132 4234 ille

91 4278 288 4351 historicus
316 4302 391 4350 nou
419 4275 576 4366 videtur,
605 4275 670 4348 sed
701 4286 880 4349 tractatus
907 4275 1055 4348 moralis
1086 4276 1132 4349 de

193 4412 285 4463 VOL.
301 4414 364 4463 lll.
615 4416 623 4436 '
1007 4412 1031 4463 Τ
