2926 4980
356 391 410 441 nu
432 389 624 442 crvarn
646 389 913 442 enumerans.
1081 377 1154 441 435

113 565 178 658 20)
194 593 202 636 :
228 563 331 653 Filii,
347 565 493 638 obedite
507 566 736 663 parentibus
752 567 889 639 vestris
907 567 945 639 in
962 566 1126 640 omnibus
1140 594 1155 650 ;
1168 590 1247 639 cae.
1266 590 1366 641 xnru.

113 689 150 750 et
162 678 285 750 locum
297 677 408 750 habet
418 689 643 773 praeoeptum
657 679 861 751 Servatoris
874 679 989 752 nostri
1004 679 1153 771 (Matth.
1196 672 1339 706 ἢ*

1168 729 1203 774 Da
1210 731 1244 783 iis,
1249 746 1299 788 qua
1306 733 1369 776 adro-

111 791 211 863 xxiii.
224 801 259 879 2,
272 794 310 882 3)
329 820 337 862 :
358 790 499 862 Scribe
510 801 546 862 et
563 790 754 863 Pharisaei
767 791 899 863 sedent
918 792 955 863 in
970 792 1154 864 cathedra
1167 797 1369 905 ffffifflt·

113 904 261 986 Mosis;
288 904 408 976 onznia
433 928 526 1002 ergo
552 929 635 1000 quse
659 904 795 993 dicent,
813 904 1008 978 observate
1026 916 1064 978 et
1079 906 1358 1003 sa-suntnewaafin.

113 1015 197 1089 cite.
251 1017 316 1089 Sin
334 1018 432 1112 quod
449 1019 650 1112 imperatur
667 1019 740 1090 tale
759 1019 818 1107 sit,
838 1033 878 1092 ut
904 1020 981 1091 sine
1006 1019 1156 1094 damna·

112 1128 211 1201 tione
230 1130 277 1202 ad
301 1141 456 1202 mortem
481 1141 657 1202 aeternam
684 1131 832 1203 obedire
862 1155 936 1204 non
961 1132 1152 1228 possimuS,

113 1255 201 1315 tunc
225 1244 374 1316 obedire
401 1245 503 1316 furor
534 1258 640 1316 esset.
693 1244 894 1317 Consilium
909 1268 996 1341 ergo
1023 1247 1153 1318 Serva-

111 1355 201 1428 toris
219 1356 333 1428 nostri
351 1356 473 1428 locum
493 1356 603 1429 habet
623 1357 773 1448 (Matth.
785 1383 821 1430 x.
834 1363 919 1451 28):
949 1359 1010 1430 Ne
1027 1359 1153 1434 timete

112 1492 186 1557 eos,
198 1470 262 1565 qui
279 1470 452 1541 occidunt
471 1494 618 1567 eorpus,
633 1470 704 1542 sed
719 1470 878 1542 animem
890 1471 1064 1544 occidere
1082 1496 1152 1544 non

105 1593 277 1679 possunt.
318 1583 538 1678 Quicunque
558 1606 646 1677 ergo
664 1594 742 1654 tum
756 1608 882 1678 poenas
900 1584 1008 1680 hujus
1026 1584 1153 1657 mundi

110 1707 262 1790 propter
293 1695 528 1767 violationem
555 1695 678 1790 legum
713 1694 886 1782 civilium,
917 1709 995 1768 tum
1026 1722 1152 1793 poenas

111 1807 239 1879 mundi
268 1809 414 1880 venturi
442 1820 592 1904 propter
626 1810 895 1881 contumaciam
921 1834 1008 1906 erga
1034 1811 1153 1883 Deum

113 1920 267 2009 debitas,
292 1922 452 2016 effugere
480 1921 646 2016 cupiunt,
672 1945 763 2019 opus
790 1922 927 1994 habent
953 1936 996 1996 ut
1024 1923 1152 1997 distin·

110 2057 222 2129 gnere
241 2057 322 2128 quae
340 2034 414 2106 sint
431 2034 645 2123 necessaria,
665 2046 702 2106 et
726 2059 808 2130 quae
834 2059 909 2107 non
935 2036 1010 2108 sint
1026 2060 1152 2109 neces-

113 2147 209 2219 saria
226 2147 273 2219 ad
291 2148 483 2220 introitum
503 2148 541 2218 in
559 2172 713 2242 regnum
731 2148 920 2236 coelorum,
935 2149 1150 2221 doceantur.

163 2262 256 2336 Quae
271 2260 317 2333 ad
335 2261 490 2334 salutem
516 2275 692 2334 aeternam
718 2262 922 2334 necessaria
947 2274 1043 2352 sunt,
1062 2262 1151 2335 dua-

111 2375 178 2446 bus
206 2375 403 2447 virtutibus
435 2376 682 2464 continentur,
701 2374 789 2468 fide
814 2375 853 2447 in
885 2375 1083 2464 Christum,
1115 2389 1153 2448 et

112 2487 325 2560 obedientia
357 2488 499 2584 legibus
522 2488 698 2584 praestita.
750 2488 936 2562 Posterior
963 2489 1103 2578 harum,
1122 2489 1153 2562 si

110 2602 274 2697 perfecta
299 2615 406 2688 esset,
425 2601 504 2673 sola
527 2601 720 2672 sufficeret.
774 2600 956 2674 Caeterum
980 2603 1153 2696 quoniam

111 2715 164 2786 rei
182 2739 306 2787 sumus
325 2738 450 2788 omnes
468 2715 710 2787 contumaciae
727 2715 766 2787 in
785 2714 915 2803 Deum,
933 2740 1010 2788 non
1035 2716 1152 2788 solum

113 2827 341 2923 originaliter
375 2828 421 2899 ab
453 2827 608 2915 Adamo,
641 2826 705 2900 sed
736 2828 847 2900 etiam
881 2842 967 2900 actu
1001 2844 1153 2924 propter

112 2942 420 3038 transgressiones
447 2942 626 3037 proprias
646 2965 736 3037 opus
754 2965 853 3013 nunc
872 2941 1058 3029 habemuS,
1078 2966 1153 3016 non

111 3056 229 3128 solum
257 3068 299 3127 ut
322 3079 389 3150 pro
419 3056 560 3150 reliquo
588 3068 752 3150 tempore
788 3054 1001 3127 obedientes
1028 3055 1152 3141 simuS,

111 3168 303 3241 sedetiam
322 3179 363 3241 ut
380 3182 533 3264 peccata
552 3169 743 3265 praeterita
770 3168 874 3241 nobis
900 3168 1150 3241 remittantur.

114 3280 225 3356 Quod
251 3293 374 3354 autem
402 3281 449 3353 ad
478 3282 633 3354 salutem
663 3280 752 3352 nihil
780 3280 880 3353 aliud
906 3281 1152 3353 necessarium

112 3394 171 3480 sit,
187 3418 230 3465 ex
249 3418 292 3466 eo
310 3395 544 3490 perspicuum
562 3406 629 3482 est,
645 3393 745 3488 quod
760 3418 914 3488 regnum
929 3393 996 3465 Dei
1015 3394 1152 3466 nemini

114 3506 276 3577 clausum
301 3506 349 3578 sit
371 3519 617 3603 praeterquam
642 3507 764 3602 legum
797 3507 1150 3602 transgressoribus;

111 3642 231 3714 neque
258 3618 339 3708 illis,
360 3620 389 3691 si
407 3620 635 3716 resipiscant,
655 3634 692 3692 et
709 3619 927 3692 Christianae
955 3618 1041 3690 fidei
1065 3620 1153 3692 arti-

112 3732 213 3804 culos
231 3731 276 3804 ad
297 3733 450 3805 salutem
468 3735 690 3806 necessarios
708 3757 834 3807 omnes
853 3732 1015 3805 credant.

165 3845 275 3920 Quod
301 3844 349 3917 ad
375 3846 621 3919 obedientiam
647 3847 792 3936 attinet,
823 3846 978 3942 amplius
1006 3870 1027 3918 a
1061 3846 1151 3933 Deo,

112 3957 176 4053 qui
198 3958 423 4030 voluntatem
450 3982 518 4054 pro
546 3982 656 4055 opere
684 3960 850 4055 accipere
880 3960 1059 4055 promisit,
1077 3983 1151 4032 non

111 4071 330 4167 postulatur,
358 4094 469 4166 quam
504 4071 698 4143 obediendi
733 4088 886 4145 conatus
920 4074 1047 4145 serius.
1104 4074 1153 4146 lit

111 4199 318 4281 propterea,
331 4184 539 4258 obedientia
555 4209 802 4281 saepenumero
821 4188 888 4259 sub
905 4187 1053 4258 nomine
1067 4186 1153 4258 elre-

112 4298 244 4372 ritatis
260 4308 298 4370 et
312 4295 525 4370 dilectionis
539 4299 836 4372 commendatur:
857 4299 1039 4394 signifieat
1055 4298 1153 4371 enim

938 4434 1036 4485 ΡΗ
