2926 4980
494 383 548 434 na
568 374 751 436 nomina.
1095 358 1142 439 83

92 549 227 623 dubito
245 550 333 645 quin
351 549 426 640 illa,
445 550 476 623 si
493 574 570 624 non
589 550 786 646 disputata,
802 566 997 649 suppressa
1018 563 1143 625 tamen

92 662 238 736 fnisset.

147 777 208 849 Ab
224 775 460 872 ignoratione
472 792 668 851 causarum
680 784 917 866 remotam
927 778 1023 851 litut
1033 801 1142 851 even:

96 900 159 964 tus
178 913 306 962 omnes
322 890 508 987 imputent
530 891 699 965 homines
724 890 843 965 causis
867 888 1088 964 immediatis
1105 896 1143 965 et

96 1002 463 1086 instrumentalibus3
491 1026 617 1076 causas
638 1003 737 1076 enim
759 1003 850 1076 alias
866 1003 986 1076 nullas
1002 1003 1141 1077 vident.

97 1116 228 1212 ltaque
245 1115 541 1212 quandocunque
566 1128 768 1190 onerantur
794 1134 866 1190 aere
888 1116 1050 1212 publlco,
1068 1117 1141 1190 iras

97 1241 299 1304 exonerant
317 1231 356 1303 in
372 1231 600 1327 publicanos,
617 1230 658 1304 id
679 1241 737 1304 est
760 1230 1017 1319 conductores,
1035 1253 1143 1302 exac-

98 1358 210 1433 tores,
244 1345 409 1441 aliosque
442 1345 628 1418 redituum
658 1344 891 1440 publicorum
930 1344 1141 1427 ministros3

95 1457 281 1554 iidemque
292 1457 618 1554 reprehensoribus
628 1457 765 1553 publici
782 1455 969 1551 regiminis
986 1478 1066 1529 sese
1079 1480 1143 1554 ag-

98 1582 280 1668 gregant3
306 1594 465 1668 cumque
483 1571 627 1644 crimini
645 1593 683 1643 se
696 1569 956 1655 immerserint,
971 1590 1143 1643 unacum

99 1684 169 1756 illis
186 1685 452 1757 authoritatem
474 1684 589 1780 ipsam
611 1705 819 1779 supremam
840 1692 1067 1779 oppugnant,
1084 1684 1144 1755 vel

98 1809 199 1870 metu
217 1797 399 1893 supplicii,
417 1797 476 1869 vel
493 1796 579 1893 quia
591 1796 733 1893 ignosci
749 1795 874 1893 pudet.

140 1911 536 2007 Ignoratiocaus'atum
547 1910 784 2006 physicarum
797 1909 1051 1982 credulitatem
1060 1910 1142 2006 gig-

98 2024 166 2113 nit,
183 2047 229 2097 eo
254 2038 371 2120 usque
394 2021 601 2118 aliquando,
619 2035 663 2096 ut
680 2046 725 2095 ea
742 2022 940 2095 credantur
957 2047 1039 2119 quae
1056 2036 1143 2098 sunt

100 2136 348 2234 impossibilia.
400 2135 498 2209 Nam
516 2158 598 2233 quae
613 2148 710 2225 sunt,
724 2145 761 2209 et
778 2150 861 2232 quac
878 2156 953 2209 non
972 2147 1058 2209 sunt
1074 2138 1143 2211 im-

99 2251 298 2347 possibilia,
315 2264 391 2322 non
415 2272 542 2322 omnes
568 2259 716 2323 norunt.
770 2247 976 2322 Credulitas
1006 2262 1142 2339 autem,

100 2365 185 2460 quia
196 2363 358 2437 maxima
369 2386 454 2460 pars
467 2363 660 2437 hominum
677 2363 716 2436 iu
734 2362 988 2458 congressibus
1000 2362 1143 2436 auscul-

100 2479 250 2552 tarisibi
262 2489 375 2566 amat,
387 2477 577 2551 credulum
590 2476 806 2550 mendacem
816 2475 1032 2573 plerumque
1042 2475 1142 2549 facit.

102 2593 230 2688 ltaque
246 2592 458 2689 ignorantia
477 2591 558 2686 ipsa
575 2590 654 2663 sine
670 2591 743 2663 alia
758 2589 939 2686 pravitate
956 2588 1143 2662 hominem

101 2723 174 2780 non
201 2706 319 2780 solum
348 2705 397 2778 ad
423 2702 617 2778 mendacia
643 2703 840 2792 credenda,
867 2701 932 2775 sed
957 2702 1069 2775 etiam
1094 2700 1142 2774 ad

99 2820 293 2909 narranda,
311 2824 351 2893 et
373 2817 593 2915 quaudoque
621 2818 733 2892 etiam
751 2814 799 2891 ad
815 2812 1061 2912 excogitanda
1076 2838 1141 2911 ap

99 2942 177 3005 tum
193 2932 329 3005 reddit.

148 3045 275 3117 Futuri
300 3045 478 3140 temporis
502 3042 698 3117 solicitudo
717 3041 765 3115 ad
782 3064 973 3115 causarum
993 3042 1140 3115 investi-

98 3157 285 3254 gationem
307 3156 473 3230 homines
490 3156 608 3253 adigit
623 3186 632 3240 ;
660 3156 750 3251 quia
766 3177 960 3227 causarum
977 3155 1141 3251 cognitio

99 3284 221 3343 rernm
236 3270 509 3366 praeteritarum
526 3266 636 3343 rebus
653 3270 897 3367 praesentibus
914 3270 1034 3343 lucem
1045 3292 1142 3365 prae-

98 3382 193 3456 ferre
211 3383 316 3456 solet.

140 3496 278 3568 Causas
300 3494 548 3591 cognoscendi
575 3518 680 3568 amor
699 3494 887 3567 hominem
915 3492 962 3567 ab
984 3494 1139 3566 effectus

99 3608 389 3682 consideratione
406 3607 453 3680 ad
471 3607 707 3704 qnaereudam
724 3630 872 3680 causam
884 3607 995 3696 acuit,
1007 3617 1045 3679 et
1057 3629 1139 3679 rur-

99 3744 160 3794 sus
177 3744 326 3795 causam
336 3731 513 3809 cauaae‚et
523 3720 576 3793 sic
588 3718 897 3815 deincepadouec
912 3719 959 3792 ad
970 3719 1139 3815 cogitati·

100 3848 207 3907 ouem
215 3831 844 3930 hanoveni'atur,cmmamaliqaam
858 3840 1138 3922 ecseaeterocm,

101 3949 176 4022 sive
194 3973 267 4044 qua
282 3949 383 4044 prior
396 3947 498 4022 nulla
511 3969 590 4020 esse
606 3946 740 4043 potuit.
792 3945 896 4019 Adeo
914 3953 967 4034 ut,
979 3945 1041 4041 qui
1054 3969 1139 4041 pro-

100 4060 211 4134 funde
246 4060 283 4132 in
311 4083 434 4132 rerum
469 4059 693 4132 naturalium
723 4058 1071 4154 contemplationem
1099 4081 1139 4130 se

101 4173 330 4262 immerserit,
347 4173 568 4269 impossibile
586 4172 635 4246 sit
652 4172 741 4268 quin
756 4171 841 4244 inde
860 4170 1076 4266 disponatur
1090 4168 1139 4242 ad

102 4286 325 4361 credendum
336 4310 449 4360 unum
459 4309 538 4360 csse
548 4286 669 4359 Deum
679 4295 717 4359 et
727 4297 918 4371 aeternum,
930 4306 1138 4379 quanquam

982 4416 1037 4468 aa

1181 574 1320 640 cltln.

1184 672 1326 707 »ῆν-ν

1156 733 1190 777 Da
1199 734 1302 777 varietate

1155 813 1247 842 morum.
