<?xml version="1.0" encoding="UTF-8"?>
<!DOCTYPE html PUBLIC "-//W3C//DTD XHTML 1.0 Transitional//EN"
    "http://www.w3.org/TR/xhtml1/DTD/xhtml1-transitional.dtd">
<html xmlns="http://www.w3.org/1999/xhtml" xml:lang="en" lang="en">
 <head>
  <title>
</title>
<meta http-equiv="Content-Type" content="text/html;charset=utf-8" />
  <meta name='ocr-system' content='tesseract 3.04.00' />
  <meta name='ocr-capabilities' content='ocr_page ocr_carea ocr_par ocr_line ocrx_word'/>
</head>
<body>
  <div class='ocr_page' id='page_1' title='image "./thomhobbesmalme02hobbgoog_0168.png"; bbox 0 0 2926 4980; ppageno 0'>
   <div class='ocr_carea' id='block_1_1' title="bbox 498 393 1167 463">
    <p class='ocr_par' dir='ltr' id='par_1_1' title="bbox 498 393 1167 463">
     <span class='ocr_line' id='line_1_1' title="bbox 498 393 1167 463; baseline -0.007 -1"><span class='ocrx_word' id='word_1_1' title='bbox 498 409 553 462; x_wconf 73' lang='lat' dir='ltr'>DE</span> <span class='ocrx_word' id='word_1_2' title='bbox 573 407 780 463; x_wconf 74' lang='lat' dir='ltr'>ctvt&#39;rn’rn.</span> <span class='ocrx_word' id='word_1_3' title='bbox 1097 393 1167 458; x_wconf 81' lang='lat'>155</span> 
     </span>
    </p>
   </div>
   <div class='ocr_carea' id='block_1_2' title="bbox 116 573 1357 3732">
    <p class='ocr_par' dir='ltr' id='par_1_2' title="bbox 120 573 1357 1558">
     <span class='ocr_line' id='line_1_2' title="bbox 120 573 1357 675; baseline -0.004 -25"><span class='ocrx_word' id='word_1_4' title='bbox 120 577 315 650; x_wconf 80' lang='lat' dir='ltr'>manifeste</span> <span class='ocrx_word' id='word_1_5' title='bbox 333 577 527 651; x_wconf 80' lang='lat' dir='ltr'><strong>debiliores</strong></span> <span class='ocrx_word' id='word_1_6' title='bbox 545 589 630 651; x_wconf 90' lang='lat' dir='ltr'>sunt</span> <span class='ocrx_word' id='word_1_7' title='bbox 648 600 758 675; x_wconf 86' lang='lat' dir='ltr'>quam</span> <span class='ocrx_word' id='word_1_8' title='bbox 776 589 820 650; x_wconf 88' lang='lat' dir='ltr'>ut</span> <span class='ocrx_word' id='word_1_9' title='bbox 833 577 930 649; x_wconf 84' lang='lat' dir='ltr'>tueri</span> <span class='ocrx_word' id='word_1_10' title='bbox 959 597 999 648; x_wconf 84' lang='lat' dir='ltr'>se</span> <span class='ocrx_word' id='word_1_11' title='bbox 1023 573 1167 671; x_wconf 82' lang='lat' dir='ltr'>possint</span> <span class='ocrx_word' id='word_1_12' title='bbox 1206 604 1284 653; x_wconf 59' lang='lat' dir='ltr'>cip,</span> <span class='ocrx_word' id='word_1_13' title='bbox 1294 604 1357 654; x_wconf 79' lang='lat' dir='ltr'>xx.</span> 
     </span>
     <span class='ocr_line' id='line_1_3' title="bbox 120 685 1351 792; baseline -0.004 -28"><span class='ocrx_word' id='word_1_14' title='bbox 120 692 225 781; x_wconf 89' lang='lat' dir='ltr'>uniti,</span> <span class='ocrx_word' id='word_1_15' title='bbox 243 690 495 788; x_wconf 85' lang='lat' dir='ltr'>unusquisque</span> <span class='ocrx_word' id='word_1_16' title='bbox 515 716 655 782; x_wconf 89' lang='lat' dir='ltr'>eorum,</span> <span class='ocrx_word' id='word_1_17' title='bbox 672 691 836 788; x_wconf 86' lang='lat' dir='ltr'>periculo</span> <span class='ocrx_word' id='word_1_18' title='bbox 862 690 1089 777; x_wconf 81' lang='lat' dir='ltr'><strong>imminente,</strong></span> <span class='ocrx_word' id='word_1_19' title='bbox 1118 686 1166 760; x_wconf 83' lang='lat' dir='ltr'>ud</span> <span class='ocrx_word' id='word_1_20' title='bbox 1207 685 1351 792; x_wconf 47' lang='lat' dir='ltr'><strong><em>M</em></strong></span> 
     </span>
     <span class='ocr_line' id='line_1_4' title="bbox 121 800 1329 922; baseline -0.004 -44"><span class='ocrx_word' id='word_1_21' title='bbox 121 806 207 878; x_wconf 83' lang='lat' dir='ltr'>vitae</span> <span class='ocrx_word' id='word_1_22' title='bbox 222 829 301 878; x_wconf 88' lang='lat' dir='ltr'>suae</span> <span class='ocrx_word' id='word_1_23' title='bbox 318 804 632 879; x_wconf 85' lang='lat' dir='ltr'>conservationem</span> <span class='ocrx_word' id='word_1_24' title='bbox 656 806 734 878; x_wconf 85' lang='lat' dir='ltr'>sive</span> <span class='ocrx_word' id='word_1_25' title='bbox 764 803 854 900; x_wconf 81' lang='lat' dir='ltr'>fuga</span> <span class='ocrx_word' id='word_1_26' title='bbox 879 803 955 877; x_wconf 90' lang='lat' dir='ltr'>sive</span> <span class='ocrx_word' id='word_1_27' title='bbox 978 800 1166 875; x_wconf 89' lang='lat' dir='ltr'>deditione</span> <span class='ocrx_word' id='word_1_28' title='bbox 1206 816 1329 922; x_wconf 54' lang='lat' dir='ltr'>{sumn</span> 
     </span>
     <span class='ocr_line' id='line_1_5' title="bbox 121 878 1324 1015; baseline -0.006 -24"><span class='ocrx_word' id='word_1_29' title='bbox 121 930 244 1015; x_wconf 88' lang='lat' dir='ltr'>potest</span> <span class='ocrx_word' id='word_1_30' title='bbox 269 939 342 1014; x_wconf 86' lang='lat' dir='ltr'>pro</span> <span class='ocrx_word' id='word_1_31' title='bbox 370 940 437 990; x_wconf 92' lang='lat' dir='ltr'>suo</span> <span class='ocrx_word' id='word_1_32' title='bbox 465 917 618 991; x_wconf 86' lang='lat' dir='ltr'>arbitrio</span> <span class='ocrx_word' id='word_1_33' title='bbox 640 919 725 1013; x_wconf 87' lang='lat' dir='ltr'>jure</span> <span class='ocrx_word' id='word_1_34' title='bbox 745 917 826 1001; x_wconf 89' lang='lat' dir='ltr'>uti;</span> <span class='ocrx_word' id='word_1_35' title='bbox 854 913 1164 1012; x_wconf 86' lang='lat' dir='ltr'>quemadmodum</span> <span class='ocrx_word' id='word_1_36' title='bbox 1223 878 1324 937; x_wconf 50' lang='lat' dir='ltr'>“m</span> 
     </span>
     <span class='ocr_line' id='line_1_6' title="bbox 122 1026 1165 1127; baseline -0.004 -23"><span class='ocrx_word' id='word_1_37' title='bbox 122 1032 262 1105; x_wconf 81' lang='lat' dir='ltr'>fuciunt</span> <span class='ocrx_word' id='word_1_38' title='bbox 278 1031 417 1104; x_wconf 87' lang='lat' dir='ltr'>milites</span> <span class='ocrx_word' id='word_1_39' title='bbox 433 1055 569 1127; x_wconf 85' lang='lat' dir='ltr'>magno</span> <span class='ocrx_word' id='word_1_40' title='bbox 586 1031 752 1104; x_wconf 85' lang='lat' dir='ltr'>exercitu</span> <span class='ocrx_word' id='word_1_41' title='bbox 775 1029 1028 1118; x_wconf 87' lang='lat' dir='ltr'>circumventi,</span> <span class='ocrx_word' id='word_1_42' title='bbox 1046 1028 1077 1101; x_wconf 90' lang='lat' dir='ltr'>si</span> <span class='ocrx_word' id='word_1_43' title='bbox 1094 1026 1165 1123; x_wconf 84' lang='lat' dir='ltr'>ipsi</span> 
     </span>
     <span class='ocr_line' id='line_1_7' title="bbox 122 1141 1165 1243; baseline -0.004 -26"><span class='ocrx_word' id='word_1_44' title='bbox 122 1145 230 1243; x_wconf 81' lang='lat' dir='ltr'>pauci</span> <span class='ocrx_word' id='word_1_45' title='bbox 247 1144 334 1234; x_wconf 88' lang='lat' dir='ltr'>sint,</span> <span class='ocrx_word' id='word_1_46' title='bbox 348 1168 452 1217; x_wconf 85' lang='lat' dir='ltr'>arms</span> <span class='ocrx_word' id='word_1_47' title='bbox 467 1143 663 1241; x_wconf 82' lang='lat' dir='ltr'>deponere,</span> <span class='ocrx_word' id='word_1_48' title='bbox 681 1144 796 1217; x_wconf 87' lang='lat' dir='ltr'>vitum</span> <span class='ocrx_word' id='word_1_49' title='bbox 809 1155 947 1239; x_wconf 88' lang='lat' dir='ltr'>petere,</span> <span class='ocrx_word' id='word_1_50' title='bbox 961 1142 1020 1215; x_wconf 89' lang='lat' dir='ltr'>vel</span> <span class='ocrx_word' id='word_1_51' title='bbox 1036 1141 1165 1236; x_wconf 81' lang='lat' dir='ltr'>fugere</span> 
     </span>
     <span class='ocr_line' id='line_1_8' title="bbox 121 1254 1165 1354; baseline -0.003 -24"><span class='ocrx_word' id='word_1_52' title='bbox 121 1259 247 1354; x_wconf 89' lang='lat' dir='ltr'>potins</span> <span class='ocrx_word' id='word_1_53' title='bbox 259 1256 383 1330; x_wconf 85' lang='lat' dir='ltr'>solent</span> <span class='ocrx_word' id='word_1_54' title='bbox 392 1280 503 1352; x_wconf 83' lang='lat' dir='ltr'>quum</span> <span class='ocrx_word' id='word_1_55' title='bbox 513 1258 560 1329; x_wconf 86' lang='lat' dir='ltr'>ab</span> <span class='ocrx_word' id='word_1_56' title='bbox 576 1257 742 1330; x_wconf 82' lang='lat' dir='ltr'>hostibus</span> <span class='ocrx_word' id='word_1_57' title='bbox 760 1255 891 1330; x_wconf 85' lang='lat' dir='ltr'>occidi.</span> <span class='ocrx_word' id='word_1_58' title='bbox 943 1254 1067 1349; x_wconf 82' lang='lat' dir='ltr'>Atque</span> <span class='ocrx_word' id='word_1_59' title='bbox 1083 1254 1165 1327; x_wconf 88' lang='lat' dir='ltr'>haee</span> 
     </span>
     <span class='ocr_line' id='line_1_9' title="bbox 123 1370 1164 1467; baseline -0.003 -24"><span class='ocrx_word' id='word_1_60' title='bbox 123 1370 169 1443; x_wconf 91' lang='lat' dir='ltr'>de</span> <span class='ocrx_word' id='word_1_61' title='bbox 181 1370 328 1467; x_wconf 83' lang='lat' dir='ltr'>juribus</span> <span class='ocrx_word' id='word_1_62' title='bbox 340 1393 479 1458; x_wconf 76' lang='lat' dir='ltr'>eorum</span> <span class='ocrx_word' id='word_1_63' title='bbox 495 1371 559 1467; x_wconf 89' lang='lat' dir='ltr'>qui</span> <span class='ocrx_word' id='word_1_64' title='bbox 575 1393 755 1444; x_wconf 83' lang='lat' dir='ltr'>summum</span> <span class='ocrx_word' id='word_1_65' title='bbox 768 1370 906 1443; x_wconf 86' lang='lat' dir='ltr'>habent</span> <span class='ocrx_word' id='word_1_66' title='bbox 929 1378 1164 1466; x_wconf 83' lang='lat' dir='ltr'>potestatem,</span> 
     </span>
     <span class='ocr_line' id='line_1_10' title="bbox 123 1483 760 1558; baseline -0.005 0"><span class='ocrx_word' id='word_1_67' title='bbox 123 1483 306 1558; x_wconf 85' lang='lat' dir='ltr'>sufficiant</span> <span class='ocrx_word' id='word_1_68' title='bbox 318 1508 365 1557; x_wconf 83' lang='lat' dir='ltr'>ex</span> <span class='ocrx_word' id='word_1_69' title='bbox 381 1483 435 1556; x_wconf 89' lang='lat' dir='ltr'>rei</span> <span class='ocrx_word' id='word_1_70' title='bbox 447 1495 581 1557; x_wconf 85' lang='lat' dir='ltr'>natura</span> <span class='ocrx_word' id='word_1_71' title='bbox 591 1483 760 1556; x_wconf 77' lang='lat' dir='ltr'>deducta.</span> 
     </span>
    </p>

    <p class='ocr_par' dir='ltr' id='par_1_3' title="bbox 116 1594 1168 3732">
     <span class='ocr_line' id='line_1_11' title="bbox 165 1594 1166 1693; baseline 0.002 -27"><span class='ocrx_word' id='word_1_72' title='bbox 165 1597 368 1670; x_wconf 83' lang='lat' dir='ltr'>Videamus</span> <span class='ocrx_word' id='word_1_73' title='bbox 374 1598 450 1693; x_wconf 80' lang='lat' dir='ltr'>jem</span> <span class='ocrx_word' id='word_1_74' title='bbox 463 1597 508 1669; x_wconf 94' lang='lat' dir='ltr'>de</span> <span class='ocrx_word' id='word_1_75' title='bbox 520 1596 648 1669; x_wconf 83' lang='lat' dir='ltr'>eadem</span> <span class='ocrx_word' id='word_1_76' title='bbox 658 1619 699 1669; x_wconf 85' lang='lat' dir='ltr'>re</span> <span class='ocrx_word' id='word_1_77' title='bbox 713 1595 801 1691; x_wconf 93' lang='lat' dir='ltr'>quid</span> <span class='ocrx_word' id='word_1_78' title='bbox 812 1594 948 1668; x_wconf 83' lang='lat' dir='ltr'>docent</span> <span class='ocrx_word' id='word_1_79' title='bbox 963 1594 1166 1691; x_wconf 70' lang='lat' dir='ltr'>Scriptura</span> 
     </span>
     <span class='ocr_line' id='line_1_12' title="bbox 124 1707 1163 1807; baseline -0.003 -22"><span class='ocrx_word' id='word_1_80' title='bbox 124 1712 260 1785; x_wconf 74' lang='lat' dir='ltr'>Sacrae.</span> <span class='ocrx_word' id='word_1_81' title='bbox 305 1710 364 1784; x_wconf 83' lang='lat' dir='ltr'>Ad</span> <span class='ocrx_word' id='word_1_82' title='bbox 381 1711 524 1783; x_wconf 88' lang='lat' dir='ltr'>Mosem</span> <span class='ocrx_word' id='word_1_83' title='bbox 537 1710 695 1807; x_wconf 86' lang='lat' dir='ltr'>populus</span> <span class='ocrx_word' id='word_1_84' title='bbox 708 1708 931 1783; x_wconf 83' lang='lat' dir='ltr'>israeliticus</span> <span class='ocrx_word' id='word_1_85' title='bbox 952 1707 1085 1800; x_wconf 81' lang='lat' dir='ltr'>(Exod.</span> <span class='ocrx_word' id='word_1_86' title='bbox 1102 1733 1163 1782; x_wconf 84' lang='lat' dir='ltr'>xx.</span> 
     </span>
     <span class='ocr_line' id='line_1_13' title="bbox 128 1821 1166 1920; baseline -0.004 -22"><span class='ocrx_word' id='word_1_87' title='bbox 128 1829 204 1919; x_wconf 82' lang='lat'><strong>19),</strong></span> <span class='ocrx_word' id='word_1_88' title='bbox 222 1825 276 1898; x_wconf 88' lang='lat' dir='ltr'>sic</span> <span class='ocrx_word' id='word_1_89' title='bbox 296 1824 483 1920; x_wconf 79' lang='lat' dir='ltr'>loquitur:</span> <span class='ocrx_word' id='word_1_90' title='bbox 510 1823 683 1920; x_wconf 84' lang='lat' dir='ltr'>Loquere</span> <span class='ocrx_word' id='word_1_91' title='bbox 704 1832 744 1895; x_wconf 87' lang='lat' dir='ltr'>tu</span> <span class='ocrx_word' id='word_1_92' title='bbox 765 1821 961 1910; x_wconf 84' lang='lat' dir='ltr'>nobiscum,</span> <span class='ocrx_word' id='word_1_93' title='bbox 980 1831 1018 1894; x_wconf 86' lang='lat' dir='ltr'>ct</span> <span class='ocrx_word' id='word_1_94' title='bbox 1035 1822 1166 1895; x_wconf 81' lang='lat' dir='ltr'>audie-</span> 
     </span>
     <span class='ocr_line' id='line_1_14' title="bbox 122 1935 1164 2034; baseline -0.002 -23"><span class='ocrx_word' id='word_1_95' title='bbox 122 1962 229 2021; x_wconf 85' lang='lat' dir='ltr'>mas,·</span> <span class='ocrx_word' id='word_1_96' title='bbox 246 1935 319 2010; x_wconf 81' lang='lat' dir='ltr'>sed</span> <span class='ocrx_word' id='word_1_97' title='bbox 327 1936 515 2009; x_wconf 83' lang='lat' dir='ltr'>nobiscum</span> <span class='ocrx_word' id='word_1_98' title='bbox 525 1961 571 2009; x_wconf 90' lang='lat' dir='ltr'>ne</span> <span class='ocrx_word' id='word_1_99' title='bbox 580 1936 758 2034; x_wconf 85' lang='lat' dir='ltr'>loquatur</span> <span class='ocrx_word' id='word_1_100' title='bbox 768 1936 885 2024; x_wconf 87' lang='lat' dir='ltr'>Deus,</span> <span class='ocrx_word' id='word_1_101' title='bbox 896 1960 942 2007; x_wconf 87' lang='lat' dir='ltr'>ne</span> <span class='ocrx_word' id='word_1_102' title='bbox 952 1937 1164 2010; x_wconf 81' lang='lat' dir='ltr'>moriamur.</span> 
     </span>
     <span class='ocr_line' id='line_1_15' title="bbox 122 2049 1167 2146; baseline -0.001 -22"><span class='ocrx_word' id='word_1_103' title='bbox 122 2050 337 2124; x_wconf 83' lang='lat' dir='ltr'>Debebatur</span> <span class='ocrx_word' id='word_1_104' title='bbox 354 2073 443 2146; x_wconf 84' lang='lat' dir='ltr'>ergo</span> <span class='ocrx_word' id='word_1_105' title='bbox 452 2051 550 2123; x_wconf 91' lang='lat' dir='ltr'>Mosi</span> <span class='ocrx_word' id='word_1_106' title='bbox 560 2074 584 2122; x_wconf 85' lang='lat' dir='ltr'><strong>a</strong></span> <span class='ocrx_word' id='word_1_107' title='bbox 594 2049 731 2146; x_wconf 89' lang='lat' dir='ltr'>populo</span> <span class='ocrx_word' id='word_1_108' title='bbox 743 2049 945 2122; x_wconf 82' lang='lat' dir='ltr'>israelitico</span> <span class='ocrx_word' id='word_1_109' title='bbox 955 2050 1167 2145; x_wconf 81' lang='lat' dir='ltr'>plenissima</span> 
     </span>
     <span class='ocr_line' id='line_1_16' title="bbox 123 2163 1166 2260; baseline -0.002 -21"><span class='ocrx_word' id='word_1_110' title='bbox 123 2178 163 2239; x_wconf 90' lang='lat' dir='ltr'>et</span> <span class='ocrx_word' id='word_1_111' title='bbox 184 2164 355 2238; x_wconf 79' lang='lat' dir='ltr'>absoluta</span> <span class='ocrx_word' id='word_1_112' title='bbox 370 2164 589 2237; x_wconf 85' lang='lat' dir='ltr'>obedientia.</span> <span class='ocrx_word' id='word_1_113' title='bbox 641 2163 698 2236; x_wconf 90' lang='lat' dir='ltr'>De</span> <span class='ocrx_word' id='word_1_114' title='bbox 717 2165 801 2260; x_wconf 89' lang='lat' dir='ltr'>jure</span> <span class='ocrx_word' id='word_1_115' title='bbox 817 2187 946 2259; x_wconf 83' lang='lat' dir='ltr'>regum</span> <span class='ocrx_word' id='word_1_116' title='bbox 973 2165 1073 2237; x_wconf 89' lang='lat' dir='ltr'>Deus</span> <span class='ocrx_word' id='word_1_117' title='bbox 1088 2165 1166 2260; x_wconf 90' lang='lat' dir='ltr'>ipse</span> 
     </span>
     <span class='ocr_line' id='line_1_17' title="bbox 126 2275 1168 2371; baseline 0 -19"><span class='ocrx_word' id='word_1_118' title='bbox 126 2281 161 2371; x_wconf 83' lang='lat'>(1</span> <span class='ocrx_word' id='word_1_119' title='bbox 179 2279 281 2351; x_wconf 84' lang='lat' dir='ltr'>Sam.</span> <span class='ocrx_word' id='word_1_120' title='bbox 294 2277 368 2349; x_wconf 83' lang='lat' dir='ltr'>viii.</span> <span class='ocrx_word' id='word_1_121' title='bbox 392 2275 565 2369; x_wconf 83' lang='lat'>11-17),</span> <span class='ocrx_word' id='word_1_122' title='bbox 595 2299 663 2371; x_wconf 91' lang='lat' dir='ltr'>per</span> <span class='ocrx_word' id='word_1_123' title='bbox 691 2276 899 2349; x_wconf 82' lang='lat' dir='ltr'>Samuelem</span> <span class='ocrx_word' id='word_1_124' title='bbox 925 2277 1038 2350; x_wconf 88' lang='lat' dir='ltr'>dicit:</span> <span class='ocrx_word' id='word_1_125' title='bbox 1065 2278 1168 2352; x_wconf 81' lang='lat' dir='ltr'>Hoec</span> 
     </span>
     <span class='ocr_line' id='line_1_18' title="bbox 124 2388 1167 2487; baseline -0.002 -22"><span class='ocrx_word' id='word_1_126' title='bbox 124 2393 201 2465; x_wconf 85' lang='lat' dir='ltr'>erit</span> <span class='ocrx_word' id='word_1_127' title='bbox 217 2390 319 2463; x_wconf 85' lang='lat' dir='ltr'>ratio</span> <span class='ocrx_word' id='word_1_128' title='bbox 337 2389 425 2486; x_wconf 62' lang='lat' dir='ltr'>apsa</span> <span class='ocrx_word' id='word_1_129' title='bbox 433 2388 541 2485; x_wconf 86' lang='lat' dir='ltr'>regis</span> <span class='ocrx_word' id='word_1_130' title='bbox 558 2389 624 2486; x_wconf 84' lang='lat' dir='ltr'>qni</span> <span class='ocrx_word' id='word_1_131' title='bbox 635 2388 815 2486; x_wconf 85' lang='lat' dir='ltr'>regnabit</span> <span class='ocrx_word' id='word_1_132' title='bbox 831 2413 948 2487; x_wconf 81' lang='lat' dir='ltr'>super</span> <span class='ocrx_word' id='word_1_133' title='bbox 964 2390 1167 2486; x_wconf 82' lang='lat' dir='ltr'>aos;filios</span> 
     </span>
     <span class='ocr_line' id='line_1_19' title="bbox 124 2500 1166 2600; baseline -0.002 -22"><span class='ocrx_word' id='word_1_134' title='bbox 124 2516 270 2579; x_wconf 80' lang='lat' dir='ltr'>vestros</span> <span class='ocrx_word' id='word_1_135' title='bbox 287 2501 462 2599; x_wconf 79' lang='lat' dir='ltr'>accipiet,</span> <span class='ocrx_word' id='word_1_136' title='bbox 481 2510 522 2574; x_wconf 87' lang='lat' dir='ltr'>at</span> <span class='ocrx_word' id='word_1_137' title='bbox 538 2500 611 2574; x_wconf 83' lang='lat' dir='ltr'>sibi</span> <span class='ocrx_word' id='word_1_138' title='bbox 625 2501 802 2600; x_wconf 77' lang='lat' dir='ltr'>disponat</span> <span class='ocrx_word' id='word_1_139' title='bbox 833 2502 871 2575; x_wconf 91' lang='lat' dir='ltr'>in</span> <span class='ocrx_word' id='word_1_140' title='bbox 889 2503 1062 2576; x_wconf 70' lang='lat' dir='ltr'>cunina</span> <span class='ocrx_word' id='word_1_141' title='bbox 1085 2505 1166 2577; x_wconf 89' lang='lat' dir='ltr'>suis</span> 
     </span>
     <span class='ocr_line' id='line_1_20' title="bbox 125 2614 1165 2714; baseline 0.001 -24"><span class='ocrx_word' id='word_1_142' title='bbox 125 2628 163 2690; x_wconf 93' lang='lat' dir='ltr'>et</span> <span class='ocrx_word' id='word_1_143' title='bbox 193 2617 234 2690; x_wconf 88' lang='lat' dir='ltr'>in</span> <span class='ocrx_word' id='word_1_144' title='bbox 262 2614 448 2714; x_wconf 81' lang='lat' dir='ltr'>equitibus</span> <span class='ocrx_word' id='word_1_145' title='bbox 472 2615 564 2703; x_wconf 82' lang='lat' dir='ltr'>sais,</span> <span class='ocrx_word' id='word_1_146' title='bbox 582 2625 621 2687; x_wconf 90' lang='lat' dir='ltr'>et</span> <span class='ocrx_word' id='word_1_147' title='bbox 648 2624 691 2688; x_wconf 86' lang='lat' dir='ltr'>ut</span> <span class='ocrx_word' id='word_1_148' title='bbox 714 2626 872 2689; x_wconf 86' lang='lat' dir='ltr'>currant</span> <span class='ocrx_word' id='word_1_149' title='bbox 901 2627 990 2689; x_wconf 89' lang='lat' dir='ltr'>ante</span> <span class='ocrx_word' id='word_1_150' title='bbox 1017 2642 1165 2692; x_wconf 79' lang='lat' dir='ltr'>currant</span> 
     </span>
     <span class='ocr_line' id='line_1_21' title="bbox 123 2728 1165 2826; baseline 0.001 -23"><span class='ocrx_word' id='word_1_151' title='bbox 123 2755 253 2812; x_wconf 74' lang='lat' dir='ltr'>mum:</span> <span class='ocrx_word' id='word_1_152' title='bbox 289 2737 328 2802; x_wconf 83' lang='lat' dir='ltr'>et</span> <span class='ocrx_word' id='word_1_153' title='bbox 356 2729 412 2802; x_wconf 83' lang='lat' dir='ltr'>ad</span> <span class='ocrx_word' id='word_1_154' title='bbox 443 2728 711 2826; x_wconf 78' lang='lat' dir='ltr'>dispensandum</span> <span class='ocrx_word' id='word_1_155' title='bbox 744 2728 819 2801; x_wconf 81' lang='lat' dir='ltr'>sibi</span> <span class='ocrx_word' id='word_1_156' title='bbox 852 2730 1092 2821; x_wconf 79' lang='lat' dir='ltr'>chiliarchos,</span> <span class='ocrx_word' id='word_1_157' title='bbox 1127 2741 1165 2805; x_wconf 87' lang='lat' dir='ltr'>et</span> 
     </span>
     <span class='ocr_line' id='line_1_22' title="bbox 116 2843 1163 2944; baseline 0.001 -27"><span class='ocrx_word' id='word_1_158' title='bbox 116 2844 328 2944; x_wconf 74' lang='lat' dir='ltr'>prefectos</span> <span class='ocrx_word' id='word_1_159' title='bbox 338 2843 614 2941; x_wconf 77' lang='lat' dir='ltr'>quinquagenis</span> <span class='ocrx_word' id='word_1_160' title='bbox 624 2872 639 2927; x_wconf 90' lang='lat'><em>;</em></span> <span class='ocrx_word' id='word_1_161' title='bbox 665 2852 703 2914; x_wconf 86' lang='lat' dir='ltr'>et</span> <span class='ocrx_word' id='word_1_162' title='bbox 713 2843 768 2916; x_wconf 85' lang='lat' dir='ltr'>ad</span> <span class='ocrx_word' id='word_1_163' title='bbox 775 2844 959 2916; x_wconf 83' lang='lat' dir='ltr'>arandara</span> <span class='ocrx_word' id='word_1_164' title='bbox 969 2869 1065 2918; x_wconf 87' lang='lat' dir='ltr'>arua</span> <span class='ocrx_word' id='word_1_165' title='bbox 1080 2869 1163 2936; x_wconf 87' lang='lat' dir='ltr'>saa,</span> 
     </span>
     <span class='ocr_line' id='line_1_23' title="bbox 123 2954 1164 3054; baseline -0.001 -23"><span class='ocrx_word' id='word_1_166' title='bbox 123 2957 236 3031; x_wconf 83' lang='lat' dir='ltr'>etad</span> <span class='ocrx_word' id='word_1_167' title='bbox 253 2954 458 3029; x_wconf 74' lang='lat' dir='ltr'>metandum</span> <span class='ocrx_word' id='word_1_168' title='bbox 483 2979 636 3027; x_wconf 86' lang='lat' dir='ltr'>messem</span> <span class='ocrx_word' id='word_1_169' title='bbox 662 2981 778 3046; x_wconf 80' lang='lat' dir='ltr'>suam,</span> <span class='ocrx_word' id='word_1_170' title='bbox 805 2966 845 3029; x_wconf 88' lang='lat' dir='ltr'>et</span> <span class='ocrx_word' id='word_1_171' title='bbox 870 2955 924 3029; x_wconf 80' lang='lat' dir='ltr'>ad</span> <span class='ocrx_word' id='word_1_172' title='bbox 936 2957 1164 3054; x_wconf 78' lang='lat' dir='ltr'>faciendum</span> 
     </span>
     <span class='ocr_line' id='line_1_24' title="bbox 124 3067 1163 3156; baseline 0.001 -12"><span class='ocrx_word' id='word_1_173' title='bbox 124 3073 374 3144; x_wconf 77' lang='lat' dir='ltr'>instrumenta</span> <span class='ocrx_word' id='word_1_174' title='bbox 399 3067 536 3140; x_wconf 80' lang='lat' dir='ltr'>bellica</span> <span class='ocrx_word' id='word_1_175' title='bbox 561 3092 642 3156; x_wconf 76' lang='lat' dir='ltr'>asa,</span> <span class='ocrx_word' id='word_1_176' title='bbox 661 3079 699 3141; x_wconf 91' lang='lat' dir='ltr'>et</span> <span class='ocrx_word' id='word_1_177' title='bbox 725 3070 968 3143; x_wconf 82' lang='lat' dir='ltr'>instrumenta</span> <span class='ocrx_word' id='word_1_178' title='bbox 990 3094 1163 3145; x_wconf 78' lang='lat' dir='ltr'>crsrraum</span> 
     </span>
     <span class='ocr_line' id='line_1_25' title="bbox 123 3179 1164 3284; baseline 0.001 -28"><span class='ocrx_word' id='word_1_179' title='bbox 123 3207 293 3265; x_wconf 68' lang='lat' dir='ltr'>suorum</span> <span class='ocrx_word' id='word_1_180' title='bbox 310 3179 761 3274; x_wconf 77' lang='lat' dir='ltr'>sirailiterfiliasaestras</span> <span class='ocrx_word' id='word_1_181' title='bbox 772 3184 938 3281; x_wconf 68' lang='lat' dir='ltr'>accqriet</span> <span class='ocrx_word' id='word_1_182' title='bbox 951 3185 988 3256; x_wconf 84' lang='lat' dir='ltr'>in</span> <span class='ocrx_word' id='word_1_183' title='bbox 998 3209 1164 3284; x_wconf 88' lang='lat' dir='ltr'>unguen-</span> 
     </span>
     <span class='ocr_line' id='line_1_26' title="bbox 124 3293 1165 3395; baseline 0 -25"><span class='ocrx_word' id='word_1_184' title='bbox 124 3296 263 3385; x_wconf 87' lang='lat' dir='ltr'>tarias,</span> <span class='ocrx_word' id='word_1_185' title='bbox 290 3293 328 3365; x_wconf 80' lang='lat' dir='ltr'>in</span> <span class='ocrx_word' id='word_1_186' title='bbox 359 3316 510 3391; x_wconf 85' lang='lat' dir='ltr'>coquas,</span> <span class='ocrx_word' id='word_1_187' title='bbox 539 3304 578 3366; x_wconf 87' lang='lat' dir='ltr'>et</span> <span class='ocrx_word' id='word_1_188' title='bbox 604 3295 642 3367; x_wconf 88' lang='lat' dir='ltr'>in</span> <span class='ocrx_word' id='word_1_189' title='bbox 663 3295 850 3393; x_wconf 80' lang='lat' dir='ltr'>pistrices</span> <span class='ocrx_word' id='word_1_190' title='bbox 860 3324 875 3380; x_wconf 91' lang='lat'><em>;</em></span> <span class='ocrx_word' id='word_1_191' title='bbox 902 3298 1016 3369; x_wconf 87' lang='lat' dir='ltr'>etiam</span> <span class='ocrx_word' id='word_1_192' title='bbox 1044 3322 1165 3395; x_wconf 88' lang='lat' dir='ltr'>agros</span> 
     </span>
     <span class='ocr_line' id='line_1_27' title="bbox 123 3407 1163 3508; baseline 0.001 -26"><span class='ocrx_word' id='word_1_193' title='bbox 123 3418 281 3497; x_wconf 83' lang='lat' dir='ltr'>cestros,</span> <span class='ocrx_word' id='word_1_194' title='bbox 296 3417 334 3480; x_wconf 86' lang='lat' dir='ltr'>et</span> <span class='ocrx_word' id='word_1_195' title='bbox 343 3407 471 3480; x_wconf 80' lang='lat' dir='ltr'>vineas</span> <span class='ocrx_word' id='word_1_196' title='bbox 487 3417 647 3497; x_wconf 85' lang='lat' dir='ltr'>vestras,</span> <span class='ocrx_word' id='word_1_197' title='bbox 666 3433 713 3480; x_wconf 87' lang='lat' dir='ltr'>ac</span> <span class='ocrx_word' id='word_1_198' title='bbox 725 3407 863 3481; x_wconf 81' lang='lat' dir='ltr'>oliveta</span> <span class='ocrx_word' id='word_1_199' title='bbox 876 3419 1007 3482; x_wconf 87' lang='lat' dir='ltr'>nestra</span> <span class='ocrx_word' id='word_1_200' title='bbox 1021 3411 1163 3508; x_wconf 74' lang='lat' dir='ltr'>optima</span> 
     </span>
     <span class='ocr_line' id='line_1_28' title="bbox 124 3519 1167 3619; baseline 0.001 -23"><span class='ocrx_word' id='word_1_201' title='bbox 124 3520 302 3619; x_wconf 57' lang='lat' dir='ltr'>accurat,</span> <span class='ocrx_word' id='word_1_202' title='bbox 320 3531 359 3593; x_wconf 87' lang='lat' dir='ltr'>et</span> <span class='ocrx_word' id='word_1_203' title='bbox 369 3519 477 3593; x_wconf 83' lang='lat' dir='ltr'>dabit</span> <span class='ocrx_word' id='word_1_204' title='bbox 494 3522 614 3593; x_wconf 84' lang='lat' dir='ltr'>servis</span> <span class='ocrx_word' id='word_1_205' title='bbox 627 3522 732 3604; x_wconf 82' lang='lat' dir='ltr'>suis;</span> <span class='ocrx_word' id='word_1_206' title='bbox 749 3533 1113 3619; x_wconf 84' lang='lat' dir='ltr'>seruosquevestros‚</span> <span class='ocrx_word' id='word_1_207' title='bbox 1125 3535 1167 3598; x_wconf 87' lang='lat' dir='ltr'>et</span> 
     </span>
     <span class='ocr_line' id='line_1_29' title="bbox 125 3633 1163 3732; baseline 0.004 -24"><span class='ocrx_word' id='word_1_208' title='bbox 125 3633 290 3708; x_wconf 76' lang='lat' dir='ltr'>ancillas</span> <span class='ocrx_word' id='word_1_209' title='bbox 319 3643 478 3723; x_wconf 84' lang='lat' dir='ltr'>vestras,</span> <span class='ocrx_word' id='word_1_210' title='bbox 506 3659 555 3706; x_wconf 91' lang='lat' dir='ltr'>ac</span> <span class='ocrx_word' id='word_1_211' title='bbox 573 3635 732 3729; x_wconf 82' lang='lat' dir='ltr'>juvenes</span> <span class='ocrx_word' id='word_1_212' title='bbox 758 3636 1107 3732; x_wconf 76' lang='lat' dir='ltr'>prestantissimae,</span> <span class='ocrx_word' id='word_1_213' title='bbox 1125 3649 1163 3712; x_wconf 88' lang='lat' dir='ltr'>et</span> 
     </span>
    </p>
   </div>
   <div class='ocr_carea' id='block_1_3' title="bbox 124 3747 1164 4414">
    <p class='ocr_par' dir='ltr' id='par_1_4' title="bbox 124 3747 1164 4414">
     <span class='ocr_line' id='line_1_30' title="bbox 125 3747 1163 3848; baseline 0.001 -26"><span class='ocrx_word' id='word_1_214' title='bbox 125 3747 864 3846; x_wconf 80' lang='lat' dir='ltr'>asinosaestrosaccipiet,adhibebitque</span> <span class='ocrx_word' id='word_1_215' title='bbox 875 3749 931 3821; x_wconf 84' lang='lat' dir='ltr'>ad</span> <span class='ocrx_word' id='word_1_216' title='bbox 938 3773 1163 3848; x_wconf 75' lang='lat' dir='ltr'>opressuum:</span> 
     </span>
     <span class='ocr_line' id='line_1_31' title="bbox 124 3861 1164 3960; baseline 0.002 -26"><span class='ocrx_word' id='word_1_217' title='bbox 124 3886 271 3960; x_wconf 81' lang='lat' dir='ltr'>greges</span> <span class='ocrx_word' id='word_1_218' title='bbox 286 3872 432 3935; x_wconf 84' lang='lat' dir='ltr'>nestros</span> <span class='ocrx_word' id='word_1_219' title='bbox 457 3861 657 3935; x_wconf 82' lang='lat' dir='ltr'>decimabit</span> <span class='ocrx_word' id='word_1_220' title='bbox 668 3889 682 3946; x_wconf 90' lang='lat'><em>;</em></span> <span class='ocrx_word' id='word_1_221' title='bbox 708 3861 872 3960; x_wconf 83' lang='lat' dir='ltr'>denique.</span> <span class='ocrx_word' id='word_1_222' title='bbox 892 3886 957 3936; x_wconf 88' lang='lat' dir='ltr'>aas</span> <span class='ocrx_word' id='word_1_223' title='bbox 985 3864 1097 3936; x_wconf 86' lang='lat' dir='ltr'>eritis</span> <span class='ocrx_word' id='word_1_224' title='bbox 1127 3867 1164 3937; x_wconf 84' lang='lat' dir='ltr'>es&#39;</span> 
     </span>
     <span class='ocr_line' id='line_1_32' title="bbox 126 3974 1164 4071; baseline 0.002 -25"><span class='ocrx_word' id='word_1_225' title='bbox 126 3976 236 4048; x_wconf 79' lang='lat' dir='ltr'>serui.</span> <span class='ocrx_word' id='word_1_226' title='bbox 287 3975 457 4048; x_wconf 82' lang='lat' dir='ltr'>Potentia</span> <span class='ocrx_word' id='word_1_227' title='bbox 485 3975 564 4047; x_wconf 89' lang='lat' dir='ltr'>haee</span> <span class='ocrx_word' id='word_1_228' title='bbox 590 3974 759 4048; x_wconf 76' lang='lat' dir='ltr'>absotuta</span> <span class='ocrx_word' id='word_1_229' title='bbox 788 3987 856 4064; x_wconf 89' lang='lat' dir='ltr'>est,</span> <span class='ocrx_word' id='word_1_230' title='bbox 887 3999 1028 4071; x_wconf 87' lang='lat' dir='ltr'>nempe,</span> <span class='ocrx_word' id='word_1_231' title='bbox 1064 3979 1164 4049; x_wconf 85' lang='lat' dir='ltr'>ciues</span> 
     </span>
     <span class='ocr_line' id='line_1_33' title="bbox 128 4087 1163 4187; baseline 0.003 -26"><span class='ocrx_word' id='word_1_232' title='bbox 128 4112 248 4162; x_wconf 80' lang='lat' dir='ltr'>ornnes</span> <span class='ocrx_word' id='word_1_233' title='bbox 261 4088 368 4187; x_wconf 85' lang='lat' dir='ltr'>regis</span> <span class='ocrx_word' id='word_1_234' title='bbox 379 4087 480 4161; x_wconf 80' lang='lat' dir='ltr'>serui</span> <span class='ocrx_word' id='word_1_235' title='bbox 489 4098 586 4161; x_wconf 86' lang='lat' dir='ltr'>sunt.</span> <span class='ocrx_word' id='word_1_236' title='bbox 614 4089 766 4177; x_wconf 72' lang='lat' dir='ltr'>RursuS,</span> <span class='ocrx_word' id='word_1_237' title='bbox 777 4089 902 4161; x_wconf 84' lang='lat' dir='ltr'>audita</span> <span class='ocrx_word' id='word_1_238' title='bbox 912 4089 1054 4162; x_wconf 81' lang='lat' dir='ltr'>ratione</span> <span class='ocrx_word' id='word_1_239' title='bbox 1065 4091 1163 4187; x_wconf 82' lang='lat' dir='ltr'>regis</span> 
     </span>
     <span class='ocr_line' id='line_1_34' title="bbox 128 4201 1162 4299; baseline 0.004 -25"><span class='ocrx_word' id='word_1_240' title='bbox 128 4202 183 4275; x_wconf 84' lang='lat' dir='ltr'>sui</span> <span class='ocrx_word' id='word_1_241' title='bbox 198 4202 355 4299; x_wconf 83' lang='lat' dir='ltr'>populus</span> <span class='ocrx_word' id='word_1_242' title='bbox 375 4202 530 4275; x_wconf 82' lang='lat' dir='ltr'>assensit</span> <span class='ocrx_word' id='word_1_243' title='bbox 559 4215 683 4275; x_wconf 87' lang='lat' dir='ltr'>tamen</span> <span class='ocrx_word' id='word_1_244' title='bbox 714 4202 839 4275; x_wconf 86' lang='lat' dir='ltr'>dicens</span> <span class='ocrx_word' id='word_1_245' title='bbox 859 4201 958 4292; x_wconf 86' lang='lat' dir='ltr'>(vers</span> <span class='ocrx_word' id='word_1_246' title='bbox 978 4211 1162 4297; x_wconf 81' lang='lat'>19—20);</span> 
     </span>
     <span class='ocr_line' id='line_1_35' title="bbox 128 4314 1163 4414; baseline 0.004 -29"><span class='ocrx_word' id='word_1_247' title='bbox 128 4314 198 4388; x_wconf 78' lang='lat' dir='ltr'>sed</span> <span class='ocrx_word' id='word_1_248' title='bbox 214 4339 286 4388; x_wconf 79' lang='lat' dir='ltr'>res</span> <span class='ocrx_word' id='word_1_249' title='bbox 296 4316 590 4414; x_wconf 76' lang='lat' dir='ltr'>praeritnodis,</span> <span class='ocrx_word' id='word_1_250' title='bbox 609 4328 649 4390; x_wconf 85' lang='lat' dir='ltr'>ut</span> <span class='ocrx_word' id='word_1_251' title='bbox 666 4316 782 4389; x_wconf 80' lang='lat' dir='ltr'>simas</span> <span class='ocrx_word' id='word_1_252' title='bbox 802 4340 869 4387; x_wconf 87' lang='lat' dir='ltr'>nos</span> <span class='ocrx_word' id='word_1_253' title='bbox 899 4340 1043 4414; x_wconf 85' lang='lat' dir='ltr'>qaoque</span> <span class='ocrx_word' id='word_1_254' title='bbox 1065 4319 1163 4391; x_wconf 81' lang='lat' dir='ltr'>sicut</span> 
     </span>
    </p>
   </div>
   <div class='ocr_carea' id='block_1_4' title="bbox 0 0 1474 4980">
    <p class='ocr_par' dir='ltr' id='par_1_5' title="bbox 0 0 1474 4980">
     <span class='ocr_line' id='line_1_36' title="bbox 0 0 1474 4980; baseline 0 0"><span class='ocrx_word' id='word_1_255' title='bbox 0 0 1474 4980; x_wconf 95' lang='lat' dir='ltr'> </span> 
     </span>
    </p>
   </div>
  </div>
 </body>
</html>
