2926 4980
304 309 355 377 ³0
699 322 753 374 nn
773 321 958 376 nomina.

118 519 262 572 crure.
355 492 500 565 Cetera
514 491 665 565 nomina
688 492 813 564 omnia
838 491 919 564 soni
949 501 1036 563 sunt
1063 491 1141 564 sine
1167 490 1351 587 significa·

115 602 270 717 {a
304 606 431 692 tione3
457 619 497 679 et
523 606 681 678 duorum
710 629 912 701 generum3
943 605 1112 694 alterum,
1145 629 1227 702 quae
1254 629 1351 678 nova

304 730 404 807 sunt,
430 742 500 793 neo
528 731 652 792 tamen
687 719 902 792 definitione
936 719 1140 815 explicata;
1177 718 1299 815 qualia
1327 744 1352 791 a

303 832 556 907 laborantibus
583 827 811 929 philosophis
835 845 874 906 et
898 832 1124 905 scholasticis
1142 832 1351 927 excogitata

303 958 410 1029 sunt;
436 946 594 1019 alterum
608 957 676 1035 est,
690 946 838 1042 quando
855 969 991 1019 nomen
1009 944 1159 1040 aliquod
1171 970 1193 1017 a
1207 946 1350 1020 duobus

301 1059 511 1132 nominibus
525 1061 772 1156 componitur,
788 1084 945 1157 quornm
962 1059 1249 1155 significationes
1263 1071 1351 1134 sunt

238 1216 245 1225 ·
300 1172 601 1257 inconsistentem
620 1184 663 1246 ut
674 1197 811 1246 nomen
823 1174 908 1263 hoc,
924 1196 1061 1270 corpur
1078 1172 1348 1270 incorporeum,

300 1285 359 1358 vel
375 1285 477 1381 quod
494 1285 592 1359 idem
610 1297 677 1376 est,
691 1286 905 1358 substantio
922 1285 1176 1383 incorporeo:
1204 1284 1349 1382 aliaque

301 1398 444 1471 similia.
483 1398 788 1496 Quandocnuque
801 1399 900 1472 enim
913 1397 1106 1471 affirmatio
1120 1397 1244 1492 aliqua
1256 1398 1349 1473 falsa

301 1522 369 1600 est,
392 1535 438 1584 ex
467 1511 612 1585 dnobus
639 1513 860 1602 nominibus,
880 1511 1012 1606 quibus
1043 1522 1201 1596 constat,
1225 1513 1256 1584 si
1280 1512 1347 1586 fiat

300 1649 438 1698 nomen
447 1649 576 1715 unum,
588 1624 679 1698 illud
690 1626 760 1699 erit
770 1625 1037 1722 insignificaus;
1055 1624 1213 1721 exempli
1224 1649 1346 1714 causa,

300 1738 332 1811 si
349 1739 483 1812 falsum
499 1739 548 1812 sit
566 1739 700 1828 dicere,
719 1739 946 1835 quadratum
970 1747 1028 1810 est
1053 1738 1261 1826 rotundum,
1278 1764 1347 1812 no-

299 1875 385 1924 men
402 1851 505 1939 illud,
524 1852 750 1948 quadratum
779 1851 989 1939 rotundum,
1008 1874 1119 1923 sonus
1136 1874 1259 1923 merus
1277 1867 1345 1939 est,

299 1966 391 2038 nihil
419 1965 641 2060 significans.
707 1964 894 2053 Similiter,
921 1965 952 2036 si
978 1963 1111 2037 falsum
1144 1963 1192 2037 sit
1223 1964 1345 2038 dicere

298 2078 474 2150 virtutem
490 2077 615 2174 fundi
632 2077 691 2148 vel
708 2068 813 2169 flori
828 2100 948 2171 posse,
966 2078 1080 2149 verba
1105 2077 1184 2149 haeo
1216 2076 1345 2173 laffoce

296 2190 430 2280 uirtus,
449 2191 585 2286 irfioto
601 2189 734 2279 virtus,
752 2190 903 2284 nomina
931 2175 1018 2263 sunt
1047 2190 1344 2285 insignificantia.

298 2305 428 2400 Itaque
452 2305 490 2377 in
513 2305 665 2383 verbum
694 2304 893 2377 absurdum
924 2314 962 2377 et
990 2303 1241 2400 insignificans
1268 2330 1343 2378 non

296 2416 405 2490 facile
427 2417 614 2507 inciditur,
642 2416 742 2512 quod
766 2441 843 2490 uon
866 2417 1110 2511 compositum
1127 2416 1210 2493 sita
1226 2417 1344 2489 nomi-

296 2531 405 2604 nibus
424 2556 506 2627 quae
523 2530 681 2627 intelligi
699 2531 849 2627 evulgo
866 2530 1058 2603 hominum
1075 2555 1150 2603 non
1176 2543 1342 2625 possunt.

348 2644 507 2718 Quando
531 2644 709 2740 cogitatio
735 2644 891 2740 alicujus
913 2645 968 2717 rei
994 2645 1112 2718 oritur
1134 2667 1343 2719 asermone

295 2757 423 2831 audito
455 2771 504 2844 et,
536 2769 578 2830 ut
606 2759 782 2853 oportuit,
814 2757 997 2846 ordinato,
1026 2770 1116 2830 tunc
1146 2757 1210 2852 qui
1239 2757 1344 2830 audit

293 2872 407 2944 verba
418 2872 480 2943 illa
493 2870 630 2943 dicitur
644 2869 883 2967 intelligere;
901 2870 1111 2942 intellectus
1126 2869 1224 2940 enim
1242 2868 1343 2941 aliud

293 3007 369 3056 non
386 2996 442 3055 est
459 2993 595 3078 praeter
612 2992 834 3075 conceptum
852 2993 980 3053 natum
998 3006 1021 3053 a
1038 3003 1217 3053 sermone.
1267 2982 1341 3052 lta-

294 3118 364 3192 que
383 3095 414 3167 si
432 3118 551 3167 sermo
569 3093 709 3167 homini
734 3093 930 3188 peculiaris
949 3093 1009 3182 sit,
1027 3103 1069 3165 ut
1086 3092 1232 3165 videtur
1249 3116 1339 3181 esse,

292 3209 404 3309 etiam
421 3208 562 3281 homini
587 3206 655 3279 soli
678 3205 849 3302 proprius
874 3204 1084 3278 intellectus
1110 3216 1177 3276 est.
1231 3204 1340 3278 Unde

292 3323 459 3419 sequitur
492 3320 750 3395 affirmationes
784 3318 906 3408 falsas,
942 3318 1162 3414 easdemque
1193 3318 1339 3391 uniuer-

291 3438 406 3527 sales,
424 3435 579 3531 intelligi
595 3459 671 3508 non
688 3458 817 3531 posse;
845 3456 1055 3529 quanquam
1072 3431 1239 3504 nonnulli
1254 3443 1340 3504 sunt

291 3553 355 3648 qui
372 3560 507 3648 putant
523 3572 562 3622 se
584 3548 788 3644 intelligere
810 3559 901 3620 tunc
919 3546 1065 3643 quando
1084 3546 1197 3618 verba
1213 3544 1341 3618 audita

291 3666 404 3738 tacite
422 3664 521 3760 apud
538 3686 577 3736 se
594 3661 717 3734 animo
734 3661 907 3734 recitant.

341 3779 436 3853 Quae
470 3775 680 3851 orationum
713 3798 852 3871 genera
881 3773 1092 3870 significant
1119 3772 1337 3867 appetitum,

290 3892 531 3979 aversionem,
564 3898 789 3982 caeterasque
821 3886 936 3960 animi
962 3885 1115 3958 humani
1138 3884 1337 3981 passiones,

291 4004 445 4099 quisque
475 4001 523 4074 sit
551 4024 678 4074 eorum
712 4024 801 4072 usus
836 4012 875 4071 et
904 3999 1051 4087 abusus,
1078 4011 1168 4071 tunc
1204 3997 1336 4085 dicam,

291 4115 440 4211 quando
459 4114 580 4186 dicam
598 4112 644 4185 de
662 4111 906 4207 passionibus.

341 4228 501 4303 Nomina
527 4250 649 4298 rerum
676 4249 758 4320 quae
774 4203 944 4320 placent,
964 4222 1050 4319 quia
1074 4247 1149 4296 non
1167 4221 1336 4295 omnibus

122 4546 359 4706 Α
