2926 4980
523 349 577 401 nn
596 347 779 400 nnuma.
1102 329 1170 407 107

120 518 235 614 cepit.
288 518 440 615 Alioqui
464 519 509 608 is,
538 519 602 614 qui
627 517 807 616 promisit,
833 515 1065 613 praestiturus
1095 538 1171 587 uon
1203 544 1283 599 οη,
1297 546 1335 594 xr

1214 629 1335 662 ⁹7·-

121 643 235 703 esset.
274 631 319 703 ln
336 633 523 728 emptione
537 656 625 729 ergo
639 644 677 705 et
689 631 901 705 venditione
918 630 1072 725 aliisque
1083 652 1171 704 con·
1185 687 1219 731 D„
1229 687 1335 742 dmm,

125 969 278 1044 alterius
293 972 385 1045 facit
402 973 576 1046 debitam.
621 973 682 1046 Sic
699 974 737 1045 in
755 973 967 1061 certamine,
984 971 1042 1043 vel
1060 994 1173 1067 quau·

127 1083 178 1156 do
195 1085 442 1180 projiciuntur
471 1088 613 1160 nummi
629 1087 856 1183 praeripienti
881 1084 1053 1172 habendi,
1079 1106 1173 1180 prae-

128 1197 242 1270 mium
267 1199 360 1273 illud
387 1201 519 1274 victori
540 1201 599 1274 vel
621 1200 848 1297 praeripienti
874 1200 957 1295 jure
984 1197 1175 1295 proprium

129 1323 197 1382 est.
248 1311 348 1385 Nam
365 1313 405 1386 in
431 1314 511 1410 ipsa
533 1313 745 1386 certaminis
762 1312 964 1385 indictione
977 1315 1038 1409 jus
1054 1322 1175 1383 trans-

129 1422 257 1496 fertur.

180 1536 330 1622 Verum,
349 1538 380 1609 si
395 1551 609 1612 contractus
625 1541 704 1627 fiat,
718 1563 791 1633 quo
810 1551 941 1610 neuter
958 1537 1175 1610 contrahen-

128 1650 221 1722 tium
234 1650 363 1722 statim
376 1663 551 1746 praestare
562 1652 760 1748 obligatur,
775 1650 840 1724 sed
858 1650 906 1722 ad
918 1649 1015 1722 diem
1033 1660 1175 1722 certum

129 1764 308 1853 futurum,
324 1775 475 1859 pactum
503 1765 594 1838 illud
610 1766 649 1837 in
674 1787 777 1836 mera
793 1762 1004 1836 conditione
1020 1775 1174 1851 naturae,

128 1877 168 1949 id
184 1888 240 1949 est
266 1877 309 1948 in
334 1876 444 1966 bello,
472 1878 503 1949 si
530 1901 758 1974 quaecunque
776 1875 999 1949 interveniat
1016 1876 1174 1971 suspicio

128 1990 175 2062 de
191 1990 416 2086 praestando,
434 1991 635 2064 invalidum
652 2003 733 2063 est:
760 1991 799 2062 in
816 1990 966 2062 civitate
981 2012 1057 2061 non
1074 1989 1173 2062 item.

129 2103 228 2175 Nam
246 2105 311 2199 qui
327 2103 429 2200 prior
455 2115 619 2200 praestat,
637 2104 676 2176 in
694 2127 781 2176 casu
797 2102 920 2199 priore
938 2103 1099 2175 incertus
1117 2114 1175 2175 est

128 2241 177 2289 au
192 2216 426 2312 praestiturus
444 2218 494 2291 sit
510 2218 625 2302 alter;
652 2218 691 2291 iu
708 2217 855 2289 civitate
866 2228 990 2289 certus
1003 2227 1070 2304 est,
1089 2216 1177 2313 quia

129 2330 267 2425 estqui
285 2342 404 2426 cogat.
432 2332 562 2427 Itaque
576 2331 645 2404 uisi
657 2331 825 2427 potentia
835 2330 1040 2404 communis
1053 2330 1175 2426 aliqua

128 2442 178 2515 sit
206 2444 386 2533 coerciva‚
415 2445 447 2516 is
474 2446 538 2541 qui
565 2445 665 2541 prior
697 2456 850 2540 praestat
884 2445 1042 2540 seipsum
1076 2443 1174 2517 hosti

128 2556 266 2652 prodit,
283 2570 419 2653 praeter
433 2559 494 2653 jus
510 2557 678 2630 naturale
696 2582 734 2630 se
753 2569 790 2630 et
807 2582 873 2630 sua
890 2555 1122 2630 defendendi.

180 2670 406 2765 Suspicionis
434 2680 570 2759 autem,
591 2695 673 2767 quae
696 2683 845 2767 pactum
862 2669 1064 2743 invalidum
1089 2669 1173 2742 red-

128 2782 216 2855 dere
232 2785 361 2880 possit,
380 2807 493 2857 causa
509 2784 619 2858 debet
645 2808 724 2857 esse
746 2784 884 2880 aliquid
902 2784 1001 2880 quod
1023 2794 1173 2880 pactum

129 2897 307 2992 sequitur,
325 2896 545 2993 signumque
563 2898 611 2970 sit
634 2897 833 2970 voluntatis
858 2922 933 2970 nou
950 2897 1171 2995 praestandi;

130 3007 265 3104 alioqui
295 3023 444 3105 pactum
474 3009 619 3082 irritum
645 3008 767 3082 facere
784 3034 859 3082 non
876 3021 1009 3106 potest.
1063 3010 1174 3085 Quod

132 3123 229 3195 enim
248 3123 426 3218 impedire
437 3148 511 3197 non
525 3124 646 3219 potuit
660 3125 748 3218 quin
761 3124 984 3219 promiseris,
996 3124 1173 3220 impedire

132 3259 204 3307 uon
223 3235 332 3307 debet
350 3236 439 3331 quin
455 3236 672 3332 promissum
685 3248 849 3332 praestes.

182 3350 257 3424 Qui
271 3351 332 3443 jus
354 3349 502 3446 aliquod
519 3349 705 3438 transfert,
724 3350 835 3422 etiam
851 3374 958 3422 usum
975 3351 1040 3439 rei,
1059 3374 1174 3445 quan-

131 3475 209 3534 tum
227 3463 264 3536 in
282 3486 323 3535 se
340 3476 408 3551 est,
427 3488 501 3536 una
518 3464 704 3536 transfert.
738 3464 790 3536 Ut
807 3463 870 3560 qui
888 3488 1019 3559 agrum
1035 3462 1173 3551 vendit,

134 3576 287 3650 herbam
304 3588 343 3649 et
361 3576 605 3673 quodcunque
622 3602 712 3673 agro
740 3578 946 3650 innascitur
964 3578 1021 3650 vel
1044 3576 1174 3649 iuaedi-

131 3691 262 3763 ficetur
290 3690 398 3763 simul
426 3691 576 3775 vendit3
604 3704 641 3763 et
670 3690 732 3786 qui
757 3690 1009 3764 molendinum
1036 3690 1173 3778 vendit,

131 3827 276 3899 aquam,
294 3827 369 3899 qua
384 3804 572 3898 agebatur,
590 3816 756 3876 avertere
779 3829 854 3878 non
872 3805 994 3878 debet.
1046 3806 1094 3877 Et
1111 3804 1175 3900 qui

132 3916 282 4011 regendi
300 3940 480 3988 summam
504 3928 727 4013 potestatem
739 3917 848 3990 alicui
862 3918 1100 4006 transferunt,
1118 3919 1175 3990 iu-

132 4029 348 4125 telliguntur
364 4029 477 4103 iidem
499 4031 560 4125 jus
578 4029 720 4102 dedisse
739 4030 908 4125 exigendi
925 4031 1100 4125 pecunias
1126 4032 1174 4104 ad

132 4143 265 4216 milites
282 4143 445 4231 alendos
456 4154 494 4218 et
511 4142 660 4218 creandi
678 4145 915 4240 magistratus
932 4153 971 4216 et
988 4143 1174 4218 ministros

132 4256 311 4351 publicos.

122 744 317 834 noctibus,
335 746 530 843 promissio
547 757 691 819 tantum
704 746 803 818 valet
813 756 991 841 quantum
1010 753 1171 840 pactum.
1184 751 1320 860 fflfflu'

178 857 255 932 Qui
283 859 322 930 in
353 872 549 933 contractu
573 860 675 957 prior
705 870 870 956 praestat,
898 859 1173 955 praestationem
1185 850 1335 927 mumma·

1234 816 1266 860 lb
1310 821 1333 861 et
