2926 4980
339 385 394 437 un
414 385 606 439 crvrrsrn
626 385 892 440 cnnrsrmnn.
1057 375 1127 443 401

98 548 262 646 ciperent
292 553 469 650 Spiritum
495 554 691 640 Sanetum3
730 579 814 630 nam
835 557 974 654 Spiritu
996 558 1132 633 Sancto
1154 593 1230 643 cip,
1246 590 1331 644 χιιι,

97 664 197 760 pleni
222 677 327 739 erant
360 678 555 764 antequam
585 668 820 764 eligerentur,
845 682 889 742 ut
913 681 1058 745 constat
1088 696 1133 745 ex
1171 674 1315 790 1)*ῗῷ

98 800 192 850 vers.
207 787 253 862 33
271 778 334 850 sed
344 789 386 851 ut
396 778 443 851 ad
454 802 584 852 munus
596 780 833 855 diaconorum
844 781 1132 880 designarentur.
1168 760 1322 857 eldeum

150 891 224 965 Qui
241 915 369 964 manus
387 892 634 988 imponebant,
649 906 714 968 aut
724 895 896 992 episcopi,
908 909 973 970 aut
985 898 1134 994 presby-

99 1004 169 1076 teri
187 1019 313 1088 erant;
354 1005 497 1079 diaconi
515 1029 647 1079 munus
670 1006 760 1080 illnd
785 1031 860 1080 non
885 1007 966 1082 fuit.
1028 1010 1132 1084 Quos

100 1116 286 1213 Philippus
315 1117 490 1191 diaconus
522 1119 694 1193 Samariae
722 1131 963 1210 converterat,
986 1122 1024 1194 in
1051 1123 1133 1195 illos

100 1231 227 1303 Petrus
255 1242 293 1303 et
325 1231 486 1304 Joannes
520 1232 675 1327 apostoli
705 1257 833 1306 manus
867 1234 1131 1330 imposuerunt,

103 1345 199 1439 (Act.
219 1344 292 1418 viii.
316 1346 390 1438 17),
414 1355 455 1417 ut
481 1345 699 1441 acciperent
732 1345 917 1443 Spiritum
945 1346 1132 1422 Sanctum.

98 1457 217 1530 Etiam
234 1458 447 1531 Timotheus
464 1458 654 1554 presbyter
670 1482 799 1532 manns
812 1458 984 1556 imposuit
999 1494 1008 1547 ;
1032 1461 1133 1535 illum

78 1563 80 1567 ⁷
99 1570 196 1643 enim
209 1570 381 1645 admonet
392 1574 548 1645 Sanetus
560 1572 690 1646 Paulus
704 1573 738 1665 (l
753 1573 847 1646 Tim.
861 1599 895 1646 v.
908 1576 987 1668 22),
998 1600 1043 1647 ne
1056 1578 1133 1648 cni-

98 1707 208 1780 quam
226 1684 347 1757 cubito
364 1711 492 1758 monas
511 1686 726 1784 imponeret.
752 1688 796 1760 In
813 1688 1045 1761 Timotheum
1057 1713 1134 1762 ma-

99 1819 168 1869 nus
184 1797 358 1892 imposuit
376 1800 407 1890 (l
429 1800 523 1872 Tim.
548 1799 595 1872 iv.
619 1801 678 1893 14)
709 1801 975 1898 presbyterium
1002 1802 1133 1897 ipsum.

100 1908 295 1983 Quomodo
334 1922 455 1985 autem
485 1912 749 2007 presbyterium
784 1937 912 1986 manns
941 1914 1133 2011 imposuit?

99 2021 257 2096 Quando
267 2025 533 2120 presbyterium
545 2025 583 2097 id
593 2025 692 2116 facit,
703 2026 980 2122 intelligendum
992 2037 1059 2117 est,
1070 2051 1135 2123 per

99 2160 228 2209 manus
251 2137 436 2227 antistitis,
465 2138 540 2210 sive
557 2139 774 2235 presbyterii
790 2139 968 2236 praesidis,
996 2139 1135 2213 factum

101 2271 194 2332 esse;
212 2249 242 2322 is
254 2259 375 2323 autem
389 2249 534 2322 videtur
546 2250 657 2323 fuisse
667 2251 744 2347 ipse
755 2251 899 2342 Paulus,
914 2253 975 2348 qui
990 2253 1030 2345 (2
1040 2253 1132 2326 Tira.

101 2363 124 2433 i.
142 2362 182 2454 6)
210 2364 314 2459 jubet
331 2364 432 2436 illum
449 2363 655 2437 exuscitare
674 2363 811 2438 donum
832 2366 900 2439 Dei
918 2366 1018 2461 quod
1034 2366 1073 2436 in
1090 2390 1134 2439 eo

101 2487 179 2548 erat
195 2486 261 2572 per
277 2476 547 2571 impositionem
564 2501 738 2549 manuum
750 2501 914 2564 suerum3
932 2479 997 2552 ubi
1013 2479 1133 2552 obiter

99 2588 301 2662 notandum
317 2601 385 2678 est,
401 2613 468 2686 per
486 2589 622 2663 donum
650 2589 719 2662 Dei
737 2613 811 2663 non
834 2576 989 2688 intelligi
1008 2592 1134 2689 Spiri-

101 2713 175 2774 tum
189 2701 376 2787 Sanctum,
387 2703 532 2776 tertiam
550 2704 587 2775 in
600 2703 779 2777 Trinitate
795 2728 1001 2801 personum,
1012 2706 1079 2779 sed
1095 2706 1133 2779 in

98 2815 332 2889 Timotheum
349 2815 474 2889 divina
491 2816 588 2889 dona
613 2816 757 2890 collata.
810 2817 847 2891 S.
867 2818 978 2892 Paulo
1004 2843 1135 2893 manus

100 2929 288 3024 impositas
305 2929 361 3001 bis
379 2929 489 3002 fuisse
513 2930 687 3026 legimus:
717 2931 827 3003 semel
845 2930 1016 3005 Damasci
1033 2931 1133 3026 (Aet.

100 3043 148 3114 ix.
173 3046 227 3130 17,
256 3045 312 3133 18)
342 3066 408 3138 per
443 3043 633 3132 Ananiam,
669 3067 753 3116 eum
786 3043 1057 3139 baptizaretur:
1096 3056 1134 3117 et

100 3156 232 3227 iterum
244 3155 449 3228 Antiochia
462 3156 561 3247 (Act.
577 3155 651 3228 xiii.
665 3157 719 3249 3),
731 3179 815 3228 cum
825 3157 1032 3231 mitteretur
1043 3181 1135 3254 prae-

100 3268 272 3340 dioutum.
301 3269 398 3342 Usus
416 3293 504 3365 ergo
517 3270 625 3366 hujus
641 3270 680 3341 in
698 3269 904 3364 pastoribus
922 3269 1134 3343 ordinandis

100 3382 315 3455 ceremoniae
332 3382 362 3454 is
379 3396 470 3468 erat,
493 3393 534 3454 ut
558 3405 752 3478 personam
780 3383 869 3478 ejus,
894 3383 952 3456 cui
975 3394 1133 3479 potesta·

101 3507 175 3567 tem
193 3494 304 3568 talem
320 3511 591 3583 concesserunt,
610 3495 855 3591 designarent.

152 3608 303 3681 Homini
322 3631 421 3702 ergo,
439 3607 501 3703 qni
520 3607 674 3682 docendi
692 3619 729 3680 et
745 3607 956 3703 baptizandi
973 3619 1133 3704 potesta-

99 3734 174 3793 tem
189 3734 274 3794 ante
293 3721 478 3794 habuisset
504 3745 614 3815 quam
631 3744 760 3792 manus
777 3720 829 3792 illi
847 3720 1132 3816 imponerentur,

100 3835 283 3931 impositio
306 3858 478 3907 manuum
497 3834 588 3907 nibil
606 3833 838 3906 contribuere
855 3832 986 3928 potuit,
1004 3833 1075 3904 nisi
1092 3846 1134 3906 ut

100 3947 208 4019 fidem
225 3948 373 4021 doceret
386 3947 641 4020 Christianam.
680 3945 737 4019 Illi
750 3946 923 4042 ver0,qui
936 3959 1133 4041 antequam

98 4060 298 4133 Christiani
325 4062 457 4132 fierent
484 4083 662 4132 summam
683 4059 891 4131 habuerunt
913 4071 1133 4155 potestatem

100 4174 138 4246 in
167 4173 376 4246 civitatibus
403 4172 490 4261 suis,
508 4183 726 4268 potestatem
753 4195 886 4244 novam
915 4171 962 4243 ab
986 4172 1134 4268 imposi-

100 4285 201 4359 tione
218 4309 392 4359 manuum
410 4285 546 4359 nullam
564 4295 795 4381 acceperunt.
833 4286 954 4359 Etiam
971 4286 1135 4359 sanes·

200 4422 293 4474 von.
311 4420 374 4472 111.
968 4419 994 4471 n
1009 4420 1034 4470 n
