2926 4980
312 330 360 395 60
699 341 753 395 na
774 343 956 395 aomrna.

114 555 192 606 w·
205 557 283 608 vm·
311 509 494 583 actionem
520 510 690 606 aliquam,
709 536 792 606 quae
817 512 863 585 ab
891 511 953 584 illa
979 510 1151 606 opinione
1173 510 1351 606 procedit,

98 639 269 745 &W
311 623 579 696 exorbitantem
591 624 768 708 visibilis3
795 623 942 721 quando
958 636 1082 697 tamen
1099 623 1206 697 multi
1223 647 1350 697 eorum

96 713 292 818 laodamia
312 736 536 833 conspirant,
563 736 666 809 furor
697 736 810 810 totius
844 736 1090 810 multitudinis
1117 736 1205 809 satis
1234 739 1351 810 mani-

96 830 261 953 ᾘξῗψ
310 849 425 924 festus
443 860 509 922 est.
563 849 760 924 Quodnam
790 849 888 922 enim
914 849 1066 922 insaniae
1093 862 1350 944 argumentum
1403 903 1407 908 -

310 963 428 1058 majus
457 986 536 1035 esse
561 975 685 1058 potest
702 987 812 1059 quam
829 963 999 1052 clamare,
1016 962 1138 1053 ferire,
1156 974 1194 1036 et
1210 963 1351 1060 lapides

308 1076 347 1148 in
365 1074 501 1149 amicos
514 1076 663 1172 jacere?
716 1075 842 1149 Minus
856 1087 980 1149 tamen
993 1086 1049 1149 est
1062 1075 1248 1171 aliquanto
1265 1075 1348 1166 hoc,

309 1212 419 1285 quam
447 1188 545 1285 quod
569 1188 777 1284 hujusmodi
802 1188 1055 1262 multitudines
1080 1188 1276 1284 aliquando
1293 1188 1349 1263 fa-

308 1303 422 1375 ciunt.
474 1302 571 1374 Nam
589 1303 806 1391 occlamant,
825 1313 1052 1399 oppugnant,
1067 1315 1105 1376 et
1122 1302 1349 1376 interficiunt

306 1414 399 1504 illos,
416 1438 482 1511 per
505 1439 595 1510 quos
622 1416 722 1488 omni
748 1427 945 1490 ante-acta
963 1417 1048 1490 vitae
1071 1427 1235 1512 tempore
1261 1441 1347 1512 pro-

305 1528 396 1601 tecti
414 1540 452 1601 et
469 1528 608 1601 defensi
625 1530 671 1603 ab
689 1530 830 1625 injuriis
847 1530 1005 1604 fuerant.
1057 1530 1143 1602 Jam
1160 1529 1191 1602 si
1204 1530 1348 1603 insania

305 1641 387 1714 haec
414 1641 463 1714 sit
491 1641 530 1713 in
555 1642 802 1731 multitudine,
820 1644 963 1717 insania
987 1666 1132 1739 quoque
1150 1655 1207 1716 est
1224 1643 1262 1715 in
1279 1643 1347 1716 ho-

306 1755 464 1828 minibus
490 1754 655 1851 siugulis
708 1755 1028 1831 Quemadmodum
1053 1755 1206 1828 enimin
1224 1756 1346 1830 medio

306 1868 410 1957 mari,
429 1891 638 1963 quanquam
654 1892 785 1941 sonum
799 1869 845 1942 ab
859 1893 955 1965 aqua
971 1867 1040 1941 sibi
1053 1869 1220 1964 proxima
1235 1893 1345 1943 nemo

304 1981 493 2078 percipiat,
512 1981 581 2054 scit
599 1994 722 2057 tameu
749 1995 894 2078 partem
918 1982 1018 2056 illam
1043 2005 1149 2077 aquae
1165 1982 1344 2077 proximae

304 2094 468 2169 fremitui
491 2095 603 2168 maris
629 2119 704 2168 non
731 2096 851 2167 minus
877 2095 1123 2182 contribuere,
1147 2118 1257 2190 quam
1274 2095 1347 2167 alia

304 2232 390 2304 pars
408 2232 637 2305 quaecunque
654 2208 818 2305 ejusdem
835 2207 1119 2304 magnitudinis:
1152 2207 1205 2280 ita
1222 2207 1344 2298 etiam,

305 2346 514 2418 quanquam
529 2322 568 2393 in
585 2345 659 2394 uno
676 2321 735 2394 vel
752 2321 877 2418 paucis
903 2320 1112 2393 hominibus
1139 2344 1214 2393 non
1242 2346 1346 2418 mag-

304 2459 390 2509 nam
423 2434 611 2507 videamus
643 2434 946 2530 inquietudinem,
978 2432 1069 2506 certi
1104 2445 1229 2506 tamen
1263 2458 1344 2508 esse

302 2572 495 2644 possumus
508 2549 694 2643 passiones
707 2547 804 2620 illius
814 2547 922 2620 unius
935 2545 992 2618 vel
1003 2569 1204 2641 paucorum
1217 2559 1341 2642 partes

303 2685 382 2734 esse
415 2661 582 2734 fremitus
616 2660 780 2734 seditiosi
814 2672 1008 2733 commotae
1037 2659 1206 2733 civitatis.
1264 2661 1344 2734 Etsi

303 2775 394 2847 nihil
412 2785 507 2848 esset
523 2773 623 2847 aliud
641 2773 739 2870 quod
760 2773 940 2847 insaniam
961 2773 1069 2869 hujus
1086 2775 1230 2868 generis
1249 2773 1343 2846 indi-

304 2901 417 2976 caret,
428 2887 518 2959 mihi
529 2899 652 2960 tamen
663 2887 742 2981 ipsa
754 2886 1002 2982 inspirationis
1013 2885 1146 2958 divinae
1158 2887 1342 2983 arrogatio

303 2999 453 3072 insaniae
466 2999 626 3095 ipsorum
641 3023 816 3094 magnum
828 2999 1004 3072 indicium
1018 3015 1085 3071 est.
1123 2998 1216 3073 Quis
1228 3000 1338 3095 enim,

302 3111 341 3185 in
359 3111 588 3184 Morocomio
607 3110 732 3184 dicens
758 3112 875 3184 Deum
902 3135 940 3184 se
964 3135 1041 3184 esse
1058 3111 1115 3184 vel
1140 3111 1339 3202 Christum,

303 3248 369 3296 cur
385 3224 458 3296 illic
476 3223 669 3297 conclusus
687 3224 734 3296 sit
751 3224 892 3297 nesciat
911 3223 924 3296 l
978 3223 1088 3306 Quod
1114 3236 1237 3298 autem
1265 3225 1340 3320 pri-

301 3349 426 3412 vatum
457 3337 632 3436 spiritum
660 3360 765 3410 suum
790 3337 886 3412 tanti
911 3337 1049 3411 faciant
1082 3338 1206 3434 aliqui,
1232 3351 1275 3411 ut
1300 3362 1339 3411 se

301 3451 475 3525 divinitus
502 3450 672 3547 inspirari
701 3462 842 3546 putent,
868 3474 1118 3546 saepenumero
1145 3451 1263 3524 oritur
1292 3453 1338 3525 ab

301 3564 434 3637 erroris
452 3564 605 3658 alicujus
622 3563 660 3635 in
679 3562 863 3658 theologia
879 3563 989 3658 vulgo
1002 3563 1142 3658 recepti
1159 3563 1257 3637 felici
1275 3563 1339 3637 de-

300 3678 483 3762 tectione;
510 3677 714 3750 nescientes
740 3676 838 3748 enim
851 3676 910 3748 vel
936 3675 1040 3749 obliti
1060 3700 1132 3772 quo
1152 3677 1266 3751 ductu
1279 3702 1338 3751 ra-

300 3790 411 3863 tionis
435 3790 474 3862 in
497 3801 573 3862 tam
603 3788 824 3884 singularem
841 3788 1045 3877 veritatem,
1064 3789 1134 3862 etsi
1151 3790 1336 3863 interdum

301 3902 434 3974 veritas
463 3926 538 3975 non
567 3901 627 3989 sit,
649 3900 858 3989 inciderint,
885 3901 1110 3997 semetipsos,
1135 3913 1178 3975 ut
1204 3903 1335 3998 quibus

299 4013 398 4086 Deus
417 4015 493 4109 ipse
520 4012 668 4110 speciali
684 4013 804 4107 gratia
821 4013 1026 4086 doctrinam
1044 4013 1144 4086 illam
1161 4038 1335 4111 superna-

298 4125 466 4198 turaliter
484 4126 623 4222 Spiritu
640 4126 775 4199 Sancto
788 4127 1015 4215 revelaverit,
1033 4126 1273 4200 admirantur.

349 4236 460 4311 Quod
486 4238 626 4312 insania
654 4236 745 4310 nihil
775 4238 874 4312 aliud
904 4237 952 4311 sit
976 4252 1113 4334 praeter
1145 4240 1332 4336 ingentem
