2926 4980
315 333 387 399 366
556 348 611 401 nn
630 348 824 403 crvrrarn
844 350 1111 406 cnarsrmrm.

119 545 290 599 ciana,
315 515 519 607 crederent,
545 517 761 592 docentibus
778 518 847 592 sibi
864 519 1109 594 obediendum
1127 541 1206 594 esse
1223 532 1358 598 eontra

127 631 276 744 „m
316 629 475 704 civitatis
496 654 572 705 suae
600 631 700 728 leges
728 646 765 706 et
790 633 964 707 mandata
983 657 1124 731 regum,
1141 634 1206 708 sed
1226 636 1357 710 admo·

126 752 278 820 *hiric*
314 764 401 815 nere
415 767 478 818 eos
491 757 533 818 ut
546 744 745 819 adventum
763 746 911 836 Christi,
928 772 1012 821 eum
1029 748 1209 844 patientia
1224 761 1264 822 et
1280 751 1357 825 fide

314 867 352 927 et
378 880 462 929 cum
483 858 693 933 obedientia
715 860 856 955 legibus
882 860 1040 934 civitatis
1062 860 1198 951 debite,
1214 863 1356 940 vellent

312 982 516 1064 expectare.

363 1083 582 1159 Mandatum
608 1085 680 1159 illis
703 1084 830 1159 datum
860 1097 917 1158 est
936 1086 1087 1178 (Matth.
1105 1085 1230 1160 xxviii.
1254 1091 1354 1184 19)a

312 1194 458 1269 Christo
486 1200 650 1285 tertium,
674 1198 873 1295 baptizare
903 1199 941 1271 ia
968 1200 1112 1273 nomiae
1136 1199 1285 1292 Patris,
1313 1214 1354 1276 et

310 1306 416 1397 Filii,
434 1321 473 1384 ct
490 1312 662 1409 Spiritus
680 1312 824 1385 Sancti.
887 1311 988 1388 Quid
1013 1323 1135 1386 autem
1159 1326 1215 1386 est
1230 1314 1353 1412 bapti·

310 1421 413 1494 rari?
475 1424 668 1520 inaquam
685 1423 864 1521 immergi.
926 1425 1000 1498 Sed
1023 1425 1060 1498 in
1078 1450 1211 1522 aquam
1228 1427 1267 1500 in
1284 1451 1353 1502 no·

310 1536 409 1607 mine
427 1536 548 1632 aliquo
565 1537 744 1634 immergi,
760 1536 849 1631 quid
865 1547 921 1610 est
935 1538 948 1610 i
1000 1539 1136 1611 Sensus
1153 1539 1351 1614 verborum

311 1649 442 1721 horum
477 1661 545 1740 est,
569 1651 738 1746 immergi
763 1649 890 1723 fideles
918 1662 960 1723 ut
985 1651 1131 1747 signum
1156 1674 1351 1747 regenera-

311 1763 441 1846 tionis;
469 1774 506 1836 et
532 1763 632 1861 quod
655 1764 717 1859 qui
743 1764 795 1836 sie
812 1764 1091 1860 immerguntur,
1109 1765 1234 1838 fideles
1252 1789 1291 1840 se
1308 1767 1349 1841 in

312 1877 460 1949 civitate
466 1877 535 1950 Dei
549 1877 646 1951 cives
658 1878 800 1950 futuros
811 1900 901 1967 esse,
914 1901 1057 1973 nempe,
1071 1878 1110 1950 in
1123 1878 1270 1952 civitate
1277 1881 1349 1954 Dei

311 1990 456 2081 Patria,
484 1992 646 2064 ecclesiae
675 1990 905 2076 fundatoris3
941 1990 1009 2063 Dei
1040 1990 1146 2081 Filii,
1180 1992 1347 2088 ejusdem

310 2104 474 2177 ecelesiae
491 2104 754 2201 redemptoris;
783 2104 851 2177 Dei
869 2104 1052 2201 Spiritus,
1070 2105 1232 2178 ecelesiae
1249 2108 1348 2202 ejus-

310 2216 393 2290 dem
428 2219 717 2292 sanctificatoris.
775 2218 858 2291 Hoc
892 2229 950 2290 est
982 2230 1132 2314 pactum
1165 2231 1345 2292 nostrum.

309 2331 495 2405 Quoniam
532 2344 655 2405 tamen
696 2354 825 2426 regum
864 2341 1093 2403 terrenorum
1141 2331 1345 2406 authoritas

308 2456 394 2517 ante
420 2443 518 2517 diem
537 2444 668 2541 judicii
695 2443 914 2538 deponenda
940 2467 1016 2516 non
1043 2457 1120 2517 est:
1151 2445 1220 2537 (sic
1247 2444 1346 2519 enim

308 2558 487 2653 expressis
513 2558 633 2631 verbis
663 2582 685 2630 a
715 2557 752 2630 S.
775 2557 887 2629 Paulo
912 2559 1115 2631 affirmatur
1144 2568 1158 2632 1
1183 2559 1265 2632 Cor.
1283 2584 1343 2633 xv.

307 2679 367 2758 22,
386 2679 446 2760 23,
465 2680 535 2744 24:
563 2670 670 2743 Sicut
689 2671 727 2742 ia
741 2669 887 2742 Adamo
906 2695 1029 2742 amaea
1046 2672 1265 2760 moriuntur,
1285 2671 1343 2746 ita

308 2793 347 2856 et
372 2785 410 2855 in
441 2784 593 2857 Christo
620 2810 742 2857 aranea
769 2784 1065 2877 vivificabantur,
1093 2785 1344 2883 unusquisque

307 2907 429 2969 autem
447 2900 486 2970 ia
503 2924 569 2971 auo
588 2899 731 2987 ordine,
744 2899 926 2995 primitia
947 2897 1121 2971 Christus
1132 2926 1146 2980 ;
1165 2897 1300 2970 deinde
1314 2899 1345 2970 ii

306 3011 372 3106 qai
394 3020 479 3082 sarit
503 3011 660 3098 Christi,
684 3012 749 3108 qai
779 3012 817 3083 in
845 3011 1039 3083 adventum
1065 3012 1145 3105 ejus
1170 3011 1344 3083 credide-

304 3133 418 3205 rant‚·
446 3123 581 3196 deinde
585 3125 696 3217 fiais,
708 3149 788 3197 cam
805 3123 1014 3196 tradiderit
1032 3147 1186 3220 regnam
1203 3123 1287 3196 Deo
1304 3134 1343 3197 et

307 3236 431 3326 Patri,
459 3262 538 3309 cam
572 3239 811 3310 evacuaverit
844 3261 980 3309 aninam
1010 3235 1269 3332 principatum
1303 3247 1343 3310 et

298 3352 552 3447 patestatem)
567 3377 580 3422 .·
606 3349 839 3422 manifestum
857 3358 923 3437 est,
942 3349 980 3419 in
1004 3347 1186 3443 baptismo
1212 3359 1341 3422 nostro

304 3487 378 3536 non
409 3463 632 3536 constituere
659 3487 725 3535 nos
753 3463 791 3534 in
815 3461 1057 3556 nosmetipsos
1080 3462 1342 3535 authoritatem

303 3576 423 3665 aliam,
442 3601 515 3672 qua
540 3576 627 3649 vitae
654 3588 790 3649 nostrae
810 3576 973 3648 actiones
990 3586 1151 3648 extemae
1169 3575 1341 3672 regendae

302 3700 388 3761 sunt
406 3720 414 3770 ;
442 3689 506 3762 sed
522 3689 771 3785 promittimus
790 3701 934 3762 tantum
951 3713 1019 3785 pro
1037 3688 1238 3764 directione
1256 3714 1341 3764 nos·

302 3813 360 3873 tra
376 3801 416 3873 in
437 3802 497 3874 via
523 3802 649 3875 salutis
674 3813 823 3875 aeternae
841 3802 1045 3874 doctrinam
1074 3804 1176 3898 sequi
1193 3815 1340 3899 aposto-

300 3914 419 3987 licam.

351 4027 505 4116 Quarto,
523 4027 562 4098 in
582 4026 775 4114 mandatis,
794 4037 1015 4122 potestatem
1033 4025 1171 4098 habent
1186 4039 1341 4122 peccata

299 4139 515 4213 remittendi
532 4152 570 4212 et
586 4138 788 4226 retinendi,
799 4139 837 4210 id
854 4151 922 4228 est,
934 4138 1085 4235 ligandi
1099 4148 1136 4211 et
1150 4137 1338 4222 solvendi,-

300 4275 382 4346 quae
407 4264 568 4347 potestas
595 4251 729 4326 dicitur
754 4252 866 4324 etiam
892 4253 995 4347 regni
1018 4251 1176 4324 eoelestis
1200 4251 1337 4342 claves,
