2926 4980
344 388 398 439 nn
418 386 612 440 clvrmrn
632 387 899 439 CHRISTIANA.
1066 374 1141 441 289

99 579 185 652 pars
201 555 369 652 proxima
385 554 424 627 in
436 554 518 627 loco
535 553 715 649 proximo,
728 564 764 626 et
775 553 932 649 denique
950 554 1048 649 quod
1065 579 1139 627 non
1153 590 1353 640 mmm,

100 669 149 743 sit
166 692 310 764 corpus
328 677 438 764 prout
461 691 593 763 corpus
617 666 800 761 significat
823 667 961 763 aliquid
980 668 1077 740 reale
1103 680 1140 741 et
1183 677 1322 702 ’Ψ

1153 734 1188 777 De
1197 734 1355 791 significatione

100 781 236 855 alicubi
270 781 440 853 existens.
510 780 727 875 Ubicunque
760 790 884 852 autem
917 781 1068 876 angelus
1101 782 1137 854 in
1153 813 1218 875 suurn
1234 799 1354 875 hqbrntip

101 894 300 990 Scripturis
329 892 474 988 legitur,
502 903 543 964 ut
572 891 725 965 nnncina
754 893 945 990 perspicue
968 894 1139 990 intelligi·
1152 864 1355 985 millii?

101 1022 173 1083 tur.
203 1010 331 1103 ltaque
343 1007 365 1080 J
369 1007 530 1079 ohannes
545 1006 710 1101 Baptista
729 1006 933 1102 appellatur
956 1006 1139 1105 angelna,·
1154 993 1312 1116 {ssssgglfflffl’
1323 995 1355 1037 h·

100 1122 268 1195 Christus
286 1131 439 1193 vocatur
452 1118 623 1216 Angeias
640 1119 876 1192 Testamenti.
928 1120 1059 1216 Neque
1074 1121 1141 1194 du-

100 1234 177 1307 bito
195 1233 296 1328 quin,
318 1231 519 1304 secundnm
539 1231 636 1303 hanc
662 1231 878 1327 analogiam,
898 1232 1086 1322 Columba,
1105 1247 1142 1307 et

100 1348 236 1444 linguae
251 1347 369 1442 igneae
383 1346 422 1417 in
432 1344 644 1440 Evangelio,
658 1369 741 1417 cum
756 1346 862 1441 signa
875 1357 995 1419 essent
1009 1345 1141 1419 divinae

99 1460 316 1556 praesentim,
347 1470 497 1555 possent
523 1482 592 1530 nec
619 1458 818 1554 improprie
845 1460 969 1533 vocari
999 1460 1140 1559 angeli.

102 1572 213 1647 Quod
230 1573 385 1668 legimus
405 1572 516 1665 (Dan.
531 1570 604 1643 viii.
625 1580 679 1643 16.
698 1583 736 1644 et
754 1572 815 1645 xii.
839 1575 873 1664 l)
903 1573 1052 1646 nomina
1076 1597 1142 1645 an-

101 1687 267 1782 gelorum
293 1684 498 1757 Gabrielem
516 1696 553 1757 et
571 1683 800 1774 Michaelem,
814 1686 905 1759 visio
923 1697 1024 1770 erat;
1051 1687 1142 1760 dicit

101 1800 199 1872 enim
224 1797 383 1884 Gabriel,
400 1797 480 1893 fac
507 1807 548 1869 at
577 1795 772 1894 intelligat
790 1798 1015 1870 incisionem
1033 1799 1140 1873 lianc.

103 1914 201 1987 Deus
219 1913 316 1985 enim
335 1935 425 2007 opus
443 1935 516 1983 non
534 1911 645 1983 habet
662 1922 704 1983 ut
721 1935 844 1984 servos
871 1935 956 1984 suos
974 1914 1140 1986 coelestes

101 2027 303 2121 distinguat
321 2023 550 2105 nominibus;
570 2048 652 2119 quae
667 2023 714 2095 ad
725 2025 916 2097 memorias
931 2027 1139 2098 mortalium

100 2137 325 2236 adjuvandas
343 2137 493 2209 inventa
510 2147 608 2209 sunt.

151 2253 280 2347 Neque
294 2251 333 2340 in
347 2252 581 2323 Testamenta
596 2251 702 2322 Novo
715 2251 817 2323 locus
831 2250 926 2323 ullus
942 2251 1138 2343 invenitur,

100 2366 197 2438 unde
224 2365 372 2462 probari
401 2364 527 2461 possit,
547 2364 696 2459 angelos
714 2388 772 2436 res
790 2388 867 2436 esse
884 2378 1139 2461 permanentes

100 2492 139 2552 et
156 2480 264 2552 simul
285 2480 528 2574 incorporeas.
575 2478 686 2552 Quod
711 2478 857 2574 quidem
882 2481 1004 2575 angeli
1028 2481 1140 2577 aliqui

100 2593 313 2666 substantiae
343 2593 415 2664 sint
446 2602 483 2663 et
511 2603 777 2688 permanentes
796 2591 918 2687 colligi
945 2605 1068 2689 potest
1095 2619 1139 2668 ex

100 2708 220 2779 verbis
240 2705 443 2778 Servatoris
457 2705 574 2777 nostri
590 2705 741 2796 (Matth.
753 2729 836 2777 xxv.
852 2707 936 2796 41):
952 2706 1012 2779 lte
1026 2708 1138 2780 malc-

99 2819 194 2892 dicti
208 2820 245 2891 in
259 2820 382 2916 ignem
399 2829 587 2906 aternam,
599 2817 664 2915 qai
674 2827 843 2916 paratas
860 2829 918 2891 eat
934 2818 1082 2893 diabolo
1101 2830 1139 2892 ct

99 2931 249 3030 angelis
283 2933 362 3026 ejas
374 2959 389 3014 ;
424 2933 487 3027 qui
521 2931 622 3003 locus
650 2931 681 3002 si
711 2930 890 3003 malorum
925 2932 1138 3027 angelorum

98 3045 389 3143 permanentiam
415 3046 559 3141 probat,
585 3043 867 3140 corporeitatem
893 3069 968 3118 una
993 3049 1136 3143 probat.

100 3158 200 3254 Ignis
217 3159 314 3231 enim
333 3181 454 3230 rerum
472 3160 783 3255 incorporearum,
802 3159 841 3231 id
864 3170 929 3248 est,
952 3161 1137 3258 impatibi-

98 3270 199 3359 lium‚
217 3294 328 3366 poena
345 3282 501 3343 nonest.
525 3280 538 3342 l
562 3270 645 3342 Cor.
661 3270 707 3342 vi.
728 3280 766 3343 3:
787 3270 955 3344 Nescitis
966 3274 1137 3369 paeoniam

99 3384 256 3479 angelos
283 3382 572 3478 judicabimus?
600 3394 621 3456 2
641 3385 738 3456 Petr.
751 3384 786 3455 ii.
801 3393 840 3455 4:
860 3385 904 3457 Si
921 3387 1016 3458 enirn
1033 3389 1138 3460 Dera

99 3495 248 3593 angelis
265 3496 513 3593 peccantibus
540 3521 611 3568 non
626 3497 817 3595 pepercit,
835 3499 906 3572 ced
919 3500 1136 3573 rudentibus

98 3609 240 3705 irfferni
253 3609 446 3682 detractos
459 3609 496 3681 in
512 3609 714 3681 Tartarum
727 3610 891 3684 tradidit
902 3614 1135 3704 cruciandos,

99 3721 136 3794 in
161 3722 347 3816 judiciam
372 3722 572 3794 reservari.
590 3722 675 3795 Jud.
694 3723 718 3795 i.
736 3732 781 3795 6:
834 3724 1004 3823 Angelos
1035 3752 1134 3815 nero,

97 3835 162 3932 qni
179 3860 248 3908 non
265 3846 507 3909 servaverant
525 3861 627 3908 aaran
645 3837 916 3935 principatum,
935 3839 1006 3911 aad
1027 3841 1135 3912 dere-

97 3947 286 4045 liquerant
303 3973 405 4021 aurern
422 3949 655 4039 domicilium,
670 3950 707 4021 in
716 3950 900 4046 judiciam
916 3952 1136 4049 magnidici

97 4060 253 4134 vinculis
272 4063 424 4134 aternio
437 4063 503 4134 aab
519 4062 685 4160 caligine
699 4065 917 4136 reservarit.
947 4066 1040 4139 Quae
1058 4089 1136 4137 ver-

96 4174 145 4246 ba
158 4175 227 4247 etsi
245 4188 415 4247 naturam
433 4175 635 4270 angelicam
651 4189 925 4271 permanentem
939 4201 1016 4250 esse
1035 4179 1134 4250 evin-

96 4299 197 4376 cunt,
216 4287 513 4360 materialitatem
540 4288 648 4361 simul
664 4291 833 4385 probant.
886 4292 979 4363 Item
999 4292 1133 4366 Matth.

198 4422 291 4473 VOL.
308 4421 371 4472 111.
1008 4426 1035 4477 U
