2926 4980
520 347 575 401 nn
594 348 778 401 noman.
1120 334 1166 413 87

123 509 183 598 tit,
202 508 385 607 simulque
401 522 459 585 tot
476 512 640 587 Deorum
656 512 913 609 fingendorum
937 516 1168 591 occasionem
1203 553 1280 603 cip,
1291 555 1355 605 χιι,

122 623 278 719 praebet,
296 637 389 719 quot
404 636 492 700 sunt
506 626 584 701 fere
601 626 664 722 qui
681 650 745 700 eos
761 628 918 723 fingunt.
1196 639 1350 756 1)ζῶ

175 737 289 812 Quod
317 737 366 811 ad
394 739 559 813 Deorum
591 741 784 815 materiam
817 741 894 814 sive
923 741 1168 817 substantiam
1342 734 1348 745 ’

124 851 270 940 attinet,
295 852 460 948 cogitare
484 853 595 927 aliam
620 854 681 927 vix
706 866 861 950 potuere
887 879 997 951 quom
1023 856 1168 951 qualem

124 976 352 1060 putaverunt
363 989 443 1041 esse
456 967 698 1041 substantiam
712 966 844 1043 animae
861 968 1043 1043 humanae.
1078 969 1168 1043 Ani·

124 1090 332 1152 maeautem
343 1077 770 1154 hnmanaesubstantiam
784 1079 896 1155 talem
910 1104 988 1154 esse
998 1081 1168 1159 arbitrati

125 1202 223 1280 sunt,
245 1192 363 1288 qualis
389 1204 446 1266 est
469 1192 629 1267 bominis
650 1194 710 1266 vel
734 1193 891 1268 aliorum
911 1217 1106 1289 corporum
1128 1197 1167 1270 in

126 1305 269 1380 somnio
279 1306 340 1379 vel
350 1306 498 1402 speculo
509 1306 765 1405 apperentium
776 1307 933 1403 species3
952 1330 1063 1403 quam
1075 1307 1167 1383 nihil

125 1441 203 1492 esse
224 1418 327 1493 alind
347 1432 484 1516 praeter
508 1420 727 1517 phantasma
750 1421 969 1510 nescientes,
996 1422 1167 1497 substan·

124 1530 212 1605 tiam
229 1532 366 1607 realem
390 1557 470 1607 esse
486 1533 733 1623 crediderunt,
752 1534 817 1609 sed
834 1548 984 1609 tenuem
1001 1545 1039 1610 et
1054 1558 1165 1630 prop

123 1646 509 1743 tereaeamapiritum
521 1648 719 1721 vocabant.
764 1648 859 1721 Sunt
869 1659 991 1721 autem
1004 1647 1165 1746 spiritus

122 1758 515 1854 corporetenuissima.
540 1759 648 1832 Tales
657 1759 760 1832 fuere
771 1760 1164 1859 ethnicorumcgeutea

123 1871 342 1962 humililer,
360 1873 535 1946 nimirum
565 1874 628 1947 Dii
655 1885 692 1948 et
718 1873 925 1947 Daemones
978 1873 1051 1946 Sed
1078 1873 1165 1969 quia

120 1977 232 2061 modo
263 2009 441 2082 apparere
474 1986 585 2060 modo
619 2009 836 2061 evanescere
867 1987 1032 2061 solebant
1061 2010 1163 2060 more

120 2097 434 2193 phantasmatum,
447 2111 595 2194 spectra
611 2110 649 2172 et
664 2098 815 2173 umbras
832 2122 942 2193 quam
959 2098 1109 2195 spiritus
1126 2109 1165 2173 et

121 2210 345 2284 substantias
371 2210 561 2284 nominare
589 2211 819 2286 maluerunt:
857 2235 1013 2308 corpora
1039 2224 1164 2287 tamen

121 2347 201 2398 esse
217 2324 411 2420 putabant.
457 2324 567 2399 Quod
584 2335 708 2396 autem
725 2347 785 2397 res
801 2323 929 2397 eadem
946 2336 985 2397 et
1001 2323 1163 2420 spiritus

122 2436 169 2509 sit
181 2448 220 2511 et
233 2436 472 2535 incorporeo,
485 2437 640 2533 intelligi
653 2462 729 2512 non
745 2448 886 2533 potest;
904 2437 1052 2534 sphitus
1066 2436 1163 2511 enim

121 2548 204 2623 loco
224 2562 263 2624 et
284 2551 416 2647 figura,
436 2550 475 2624 id
498 2562 565 2640 est,
583 2551 748 2625 terminis
766 2562 803 2625 et
820 2550 1074 2646 magnitudine
1097 2573 1163 2623 sna

121 2663 244 2760 aliqua
260 2663 548 2749 determinatur;
575 2677 614 2736 et
629 2663 784 2760 proinde
801 2687 935 2760 corpus
951 2676 1018 2752 est,
1031 2675 1163 2735 utcun-

123 2800 193 2873 que
214 2788 326 2851 tenue
349 2787 387 2850 et
410 2776 602 2851 insensile:
629 2777 684 2850 illi
700 2777 824 2873 igitur,
843 2776 907 2873 qui
923 2775 1161 2849 meditatione

121 2891 271 2987 propria
284 2891 324 2965 in
343 2890 590 2986 cognitionem
608 2901 787 2963 venerunt
803 2890 912 2964 unius
932 2888 1065 2964 infiniti
1083 2912 1161 2963 om-

122 3004 321 3101 nipotentis
350 3015 388 3076 et
418 3005 547 3077 aeterni
577 3005 659 3093 Dei,
686 3004 896 3081 maluerunt
923 3004 1026 3077 illum
1051 3027 1162 3098 supra

120 3116 348 3191 intellectum
377 3129 546 3191 nostrum
576 3118 1051 3214 incomprehensibilemque
1081 3142 1161 3191 esse

121 3231 300 3319 confiteri,
324 3255 436 3327 quam
461 3243 631 3306 naturam
657 3233 736 3327 ejus
756 3231 1017 3328 perspiritum
1038 3230 1159 3302 incor-

116 3367 284 3439 poreum,
307 3355 444 3441 praeter
470 3344 670 3440 Scriptura
694 3344 967 3432 authoritatem,
993 3343 1158 3430 definire,

122 3467 157 3527 et
179 3456 314 3531 deinde
336 3457 505 3531 confiteri
529 3456 781 3530 definitionem
797 3457 897 3530 illam
915 3481 989 3531 non
1007 3479 1088 3528 esse
1103 3455 1159 3528 in-

121 3568 358 3666 telligibilem.
399 3569 472 3643 Sed
489 3571 608 3644 Deum
624 3593 702 3643 esse
719 3570 885 3665 spiritum
902 3569 1160 3664 incorporeum

121 3680 292 3756 dixerunt
307 3683 464 3757 fortasse
486 3707 561 3757 non
585 3681 804 3778 dogmatice,
822 3696 864 3756 nt
880 3693 1052 3756 naturam
1069 3681 1160 3754 divi·

121 3818 204 3869 nam
225 3820 294 3892 per
314 3820 358 3869 ea
376 3797 488 3869 verba
511 3795 875 3892 comprehenderent,
894 3795 958 3868 sed
976 3820 1022 3869 ex
1038 3796 1159 3870 inten-

121 3908 220 3981 tione
244 3909 308 4006 pia
332 3909 452 3986 Deum
476 3910 656 3984 attributo
680 3909 802 4006 aliquo
823 3909 1041 3999 honorandi,
1059 3908 1159 4004 quod

122 4043 316 4117 corporum
339 4022 535 4097 visibilium
561 4022 841 4097 crassitudinem
866 4046 1012 4095 omnem
1035 4046 1058 4096 a
1078 4023 1158 4096 Deo

123 4146 336 4207 removeret.

171 4246 324 4337 Deinde,
350 4272 424 4343 qua
442 4248 502 4322 via
526 4248 723 4323 invisibilia
747 4247 809 4321 illa
834 4247 982 4343 egentia
1006 4248 1158 4321 effectus
