2926 4980
338 383 391 434 nn
412 382 606 436 c1vrrnrn
627 380 896 435 conmmanit.
1064 363 1136 431 329

97 557 230 645 Satau,
255 558 439 631 Diabolus
445 587 460 642 ,·
477 558 676 631 abaddon.
721 560 814 633 Quae
834 559 984 633 nomina
1011 560 1137 650 Satan,
1169 578 1324 630 xxxvnr.

96 671 283 760 Diabolus,
291 672 483 761 Abaddon,
495 695 687 767 personam
702 673 927 747 individuam
941 673 1137 762 nullam,ut
1151 657 1351 782 „effim

96 783 245 856 nomina
262 784 381 858 solent
397 784 556 881 propria,
572 784 785 880 designant;
812 787 876 859 sed
895 786 1065 876 officium,
1081 787 1137 858 vel
1149 790 1352 899 genethffffl

98 896 311 992 qualitatem
328 897 486 992 aliquam
501 928 510 981 ;
537 908 576 968 et
592 907 788 993 propterea
804 908 889 971 sunt
905 898 1136 994 appellativa.
1149 869 1313 975 afficto

97 1011 252 1105 Sumpta
278 1021 403 1081 sutem
430 1033 497 1105 pro
523 1009 681 1105 propriis
710 1010 899 1107 imperitos
922 1010 1065 1100 fallunt,
1083 1010 1138 1084 fa-

97 1122 269 1217 ciuntque
290 1132 332 1194 ut
354 1133 499 1217 spectra
519 1133 556 1194 et
580 1121 764 1196 daemonas
791 1124 947 1196 totidem
974 1146 1053 1196 esse
1070 1148 1138 1221 pu-

96 1246 188 1325 tent,
218 1236 341 1331 quales
371 1235 574 1309 adorabant
601 1247 742 1331 gentes,
797 1236 980 1309 Quoniam
1014 1251 1138 1311 autem

96 1350 209 1422 verba
235 1349 297 1421 illa
322 1349 530 1444 significant
558 1348 709 1438 hostem,
728 1360 996 1436 accusatorem,
1014 1362 1051 1424 et
1074 1375 1138 1422 ea-

97 1463 386 1550 termiuatorem,
404 1462 639 1558 intelligenda
663 1475 750 1535 sunt
774 1463 819 1535 de
845 1464 952 1536 hoste
975 1463 1138 1536 ecclesiae

97 1576 178 1649 Dei.
242 1576 280 1647 Si
298 1599 386 1670 ergo
403 1598 559 1671 regnum
577 1575 646 1647 Dei
663 1587 747 1672 post
763 1577 1067 1649 resurrectionem
1084 1575 1139 1648 fu·

96 1698 220 1760 turum
238 1687 286 1759 sit
303 1688 341 1758 in
365 1698 475 1775 terra,
494 1686 603 1759 etiam
625 1686 749 1759 hostes
773 1699 810 1760 et
832 1711 986 1784 regnmn
1013 1711 1139 1761 corum

97 1801 136 1873 in
154 1813 252 1874 terra
269 1824 348 1873 esse
366 1800 512 1873 debent.
561 1801 719 1874 Quando
737 1800 834 1873 enim
847 1825 1001 1897 regnum
1015 1801 1084 1873 Dei
1101 1801 1140 1872 in

102 1914 277 1987 Israelitis
295 1924 385 2002 erat,
404 1938 519 2009 regna
534 1914 698 2010 gentium
715 1915 835 1987 vicina
852 1939 918 2011 pro
937 1916 1059 2011 regnis
1078 1914 1141 1987 Sa·

98 2038 193 2099 tanae
206 2027 446 2099 habebantur.

156 2140 357 2212 Cruciatur
392 2139 535 2235 iuferui
570 2140 823 2235 significantur
857 2140 1042 2213 interdum
1074 2163 1142 2238 per

86 2255 222 2350 fletum
248 2262 287 2325 et
316 2252 519 2324 stridorem
550 2252 723 2342 dentium,
751 2264 794 2326 ut
828 2254 961 2326 Matth.
982 2252 1056 2325 viii.
1084 2261 1139 2327 12.

100 2366 290 2440 Interdum
319 2388 386 2460 per
415 2388 560 2436 vermen
588 2365 836 2454 couscientia,
853 2377 896 2439 ut
919 2365 1024 2438 Isaiae
1052 2365 1138 2439 lxvi.

99 2487 160 2565 24,
175 2492 212 2550 et
226 2479 342 2550 Marc.
356 2478 404 2549 ix.
417 2485 479 2566 43,
495 2487 555 2566 45,
571 2482 631 2561 47.
668 2479 857 2552 Interdum
870 2502 936 2574 per
949 2479 1071 2578 iguem
1084 2479 1140 2551 iu-

99 2590 391 2688 eatiuguibilem,
410 2603 453 2664 ut
473 2591 607 2664 Matth.
626 2591 676 2664 iii.
701 2603 769 2677 12;
797 2593 914 2665 Marc.
932 2593 982 2664 ix.
1000 2595 1138 2676 42-473

99 2706 187 2777 Luc.
200 2703 249 2775 iii.
271 2707 327 2792 17,
342 2713 411 2775 etc.
439 2703 630 2775 Interdum
642 2727 708 2799 per
721 2703 974 2801 opprobrium,
988 2717 1031 2777 nt
1045 2705 1138 2777 Dan.

98 2817 160 2889 xii.
179 2827 214 2890 2.
268 2816 361 2889 Quae
378 2816 459 2888 loca
477 2817 599 2889 omnia
615 2816 777 2889 dolorem
796 2818 1003 2914 significant
1025 2831 1140 2891 meta-

99 2930 261 3026 phorice,
289 2930 335 3001 ab
364 2954 408 3002 co
436 2929 642 3018 oriundum,
671 2931 769 3026 quod
798 2932 1013 3005 felicitatem
1040 2932 1139 3005 illam

99 3055 274 3117 aetemam
291 3044 337 3115 ab
361 3042 441 3115 aliis
458 3045 673 3140 acquisitam
692 3068 769 3117 esse
786 3045 924 3135 vident,
943 3070 1053 3142 quam
1069 3045 1139 3142 ipsi

99 3180 165 3252 per
181 3156 475 3229 incredulitatem
493 3169 530 3230 et
550 3159 817 3231 contumaciam
843 3183 946 3232 suam
970 3159 1140 3256 perdide-

100 3279 196 3342 runt.
249 3269 340 3341 Cum
367 3279 489 3342 autem
515 3270 682 3343 felicitati
707 3271 861 3344 aliorum
885 3295 959 3344 non
976 3271 1139 3345 invidea-

99 3393 173 3471 tur,
196 3382 267 3454 nisi
293 3383 338 3453 ab
366 3381 437 3454 illis
455 3382 518 3477 qui
536 3383 679 3457 dolores
697 3396 735 3456 et
753 3385 977 3459 calamitates
993 3385 1139 3480 patiun-
1204 3404 1205 3407 ’

100 3507 186 3578 tur;
213 3518 439 3589 consequens
465 3508 532 3585 est,
558 3508 600 3570 ut
624 3522 752 3593 poenas
776 3499 881 3572 luant
905 3499 1138 3595 corporales3

99 3608 196 3679 inter
230 3631 319 3702 quas
353 3609 578 3681 numeranda
611 3610 722 3682 etiam
756 3622 813 3684 est
838 3635 936 3682 mors
963 3611 1137 3684 secunda.

102 3721 321 3815 Quanquam
351 3724 449 3793 enirn
471 3722 661 3818 Scriptura
690 3724 802 3796 Sacra
835 3725 1139 3797 resurrectionem

100 3833 267 3919 affirmet,
295 3834 394 3928 quod
423 3845 546 3908 tamen
580 3836 743 3932 reprobis
777 3836 855 3908 uita
882 3845 1025 3908 aterna
1054 3861 1139 3932 pro-

99 3947 209 4018 missa
228 3947 285 4035 sit,
305 3971 482 4043 nusquam
500 3948 664 4044 legimus.
718 3949 754 4022 S.
774 3949 905 4022 Paulus
921 3949 954 4042 (l
978 3949 1060 4022 Cor.
1079 3974 1137 4022 xe.

99 4068 160 4148 42,
174 4069 235 4148 43,
247 4062 311 4151 44)
330 4061 567 4155 quaestionem
585 4075 760 4149 tractans,
779 4063 909 4158 quibus
927 4064 1139 4159 corporibus

99 4171 362 4266 resurgendum
380 4173 440 4261 sit,
459 4197 605 4271 corpus,
623 4174 752 4272 inquit,
770 4175 973 4248 seminatur
1000 4177 1038 4248 iu
1057 4200 1139 4248 cor-

100 4284 285 4383 ruptione,
309 4295 442 4382 surget
472 4285 511 4358 iu
539 4286 841 4385 incorruptione:
867 4287 1071 4363 sentinatur
1101 4289 1139 4362 iu
