2926 4980
353 358 426 425 266
503 369 505 373 ’
595 375 648 427 nu
668 374 862 428 swintun
882 373 1150 427 enumerans.

142 571 337 624 cmxxxn,
354 541 531 637 Mysteria
548 543 658 632 euim,
672 553 714 615 ut
729 541 878 638 pillulae,
891 565 981 637 quas
994 543 1124 616 morbo
1141 543 1392 618 laborantibus

169 656 310 687 *er-³

170 725 305 782 „cpolim
354 656 597 750 praescribunt
625 655 770 746 medici,
798 656 829 728 si
856 655 1105 752 deglutiantur
1138 656 1304 754 intcgrae,
1336 681 1392 730 sa-

170 788 302 866 euamque
354 782 460 856 uant;
475 796 611 847 mansae
624 784 748 846 autem
760 773 974 868 plerumque
991 785 1241 847 revomuntur.
1295 828 1296 831 ,

168 867 287 912 ⁹””‘¹¹'¹¹⁸'
405 884 591 981 Subjectio
622 898 746 958 autem
770 884 975 958 intellectus
1000 886 1145 959 nonita
1161 886 1390 983 intelligitur,

353 998 445 1070 acsi
468 1010 655 1072 teneretur
680 997 811 1093 aliquis
841 997 993 1094 alicujus
1023 999 1172 1073 alterius
1199 999 1391 1073 sententiae

353 1112 584 1196 consentire;
609 1136 697 1185 nam
726 1135 863 1202 senona,
891 1112 1076 1202 memoria,
1107 1112 1326 1202 intellectus,
1354 1123 1392 1186 et

352 1225 445 1297 ratio
463 1236 589 1298 nostra
605 1226 644 1298 in
660 1237 845 1321 potestate
870 1237 996 1299 nostra
1013 1250 1087 1300 non
1105 1226 1282 1316 suntsed
1299 1227 1391 1300 tales

352 1351 449 1426 sunt,
468 1339 592 1434 quales
614 1362 672 1411 res
700 1339 788 1435 ipsae
812 1338 1014 1411 necessario
1037 1339 1074 1411 in
1093 1340 1200 1412 nobis
1217 1340 1390 1413 efficiunt.

352 1450 584 1523 Intellectum
607 1464 695 1524 tuuc
722 1450 901 1546 subjicere
925 1450 1069 1525 dicendi
1087 1475 1225 1541 sumus,
1243 1453 1390 1548 quaudo

352 1563 434 1652 illis,
453 1588 609 1660 quorum
628 1576 684 1637 est
701 1563 746 1636 de
769 1562 946 1637 doctrinis
963 1576 1135 1653 statuere,
1153 1589 1228 1638 non
1245 1578 1390 1640 contra-

351 1674 517 1749 dicimus.

402 1790 609 1886 Alloquitur
626 1790 791 1863 homines
807 1789 907 1862 Deus
933 1801 998 1863 aut
1020 1789 1241 1880 immediate,
1259 1804 1325 1864 aut
1341 1793 1392 1865 al·

353 1904 467 1984 terius
483 1904 654 1993 hominis,
673 1904 732 1976 cui
759 1903 968 1978 immediate
995 1904 1169 1999 loquutus
1193 1918 1279 1978 ante
1298 1916 1389 1994 erat,

352 2017 585 2091 mediatione.
637 2017 720 2092 Quo
744 2017 853 2089 modo
872 2016 1058 2090 hominem
1074 2017 1286 2092 immediate
1302 2019 1390 2092 allo-

352 2144 498 2228 quatur,
515 2131 669 2226 intelligi
694 2131 790 2204 forte
816 2141 939 2227 potest
968 2131 1014 2203 ab
1041 2131 1085 2204 iis
1115 2155 1205 2226 quos
1231 2132 1284 2205 ita
1301 2132 1390 2205 allo-

352 2256 488 2340 quutus
506 2256 586 2329 est;
613 2242 792 2317 sedidem
804 2255 846 2317 ut
863 2245 909 2317 ab
927 2244 998 2317 alio
1015 2244 1251 2339 intelligatur,
1270 2245 1301 2319 si
1314 2270 1389 2318 non

351 2357 584 2453 impossibile,
611 2368 710 2430 certe
739 2356 977 2430 difficilimum
1003 2369 1071 2430 est.
1128 2358 1224 2430 Nam
1251 2358 1281 2431 si
1309 2359 1390 2454 quis

351 2471 441 2543 mihi
459 2470 610 2559 diceret,
628 2471 747 2543 Deum
771 2470 840 2543 sibi
856 2469 1179 2566 supernaturaliter
1209 2483 1248 2544 et
1264 2472 1390 2544 imme·

352 2584 449 2657 diate
473 2584 667 2681 loquutum
693 2607 784 2673 esse,
803 2582 985 2656 dubitanti
1010 2606 1058 2654 au
1080 2581 1119 2655 id
1135 2607 1262 2656 verum
1280 2597 1387 2673 esset,

350 2721 426 2769 non
451 2697 558 2771 facile
585 2696 750 2793 intelligo
777 2697 908 2792 quibus
932 2695 1155 2791 argumentis
1173 2696 1261 2769 mihi
1278 2697 1388 2770 fidem

350 2810 499 2883 faceret.
553 2810 742 2906 Siquidem
773 2811 825 2882 ita
850 2809 939 2881 dicit
956 2809 987 2880 is
1011 2808 1071 2880 eui
1093 2808 1208 2880 debeo
1227 2811 1387 2899 obedire,

351 2924 498 2997 obedire
512 2936 651 3013 teneor,
666 2935 881 3012 eatenuS,ut
898 2946 1017 3018 neque
1028 2922 1140 2994 verbo
1158 2947 1276 3018 neque
1290 2924 1387 2997 facto

352 3037 553 3109 dissensum
581 3060 702 3109 meum
729 3036 957 3132 patefaciam.
1010 3035 1062 3107 Ut
1085 3035 1232 3108 credam
1252 3049 1386 3125 autem,

350 3174 425 3223 uon
441 3161 562 3246 potest
579 3173 723 3244 cogere.
776 3148 933 3223 Quodsi
951 3147 1014 3244 qui
1032 3149 1291 3222 authoritatem
1309 3151 1388 3222 nul—

350 3262 422 3334 lam
448 3262 593 3351 habeat,
620 3260 829 3358 hujusmodi
855 3259 993 3354 aliquid
1024 3260 1133 3348 dicat,
1152 3285 1263 3334 causa
1288 3262 1388 3335 nulla

216 3442 218 3451 ,
349 3386 405 3447 est
421 3399 539 3471 neque
557 3386 599 3448 ut
616 3375 762 3447 credam
779 3397 897 3469 neque
915 3384 957 3444 ut
974 3370 1153 3444 obediam.

399 3488 540 3562 Quibus
566 3487 665 3559 Deus
692 3486 864 3581 loquutus
892 3484 1010 3557 estin
1038 3485 1236 3581 Scripturis
1262 3488 1386 3575 sooria,

348 3624 422 3672 non
457 3600 665 3673 immediate
695 3598 868 3695 loquutus
896 3609 963 3685 est,
992 3596 1056 3669 sed
1085 3622 1151 3694 per
1178 3600 1385 3694 prophetas,

347 3713 457 3808 idque
488 3715 656 3787 omnibus
684 3713 883 3808 aequaliter.
936 3711 1010 3783 Qui
1033 3710 1151 3783 Deum
1180 3711 1385 3784 insomnio

348 3827 396 3899 ad
423 3851 461 3900 se
488 3827 679 3923 loquutum
702 3850 779 3899 esse
797 3825 898 3912 dicit,
916 3823 1035 3895 Deum
1057 3823 1105 3895 ad
1127 3848 1166 3896 se
1193 3823 1385 3920 loquutum

347 3965 425 4013 esse
449 3940 646 4013 somniasse
664 3963 702 4012 se
720 3939 822 4012 dicit.
875 3936 1024 4010 Somnia
1044 3948 1166 4009 autem
1183 3936 1302 4008 aliena
1318 3961 1384 4033 pro

346 4054 459 4126 verbo
477 4053 545 4125 Dei
563 4076 670 4125 nemo
688 4050 854 4146 accipiet,
866 4049 1067 4145 prasertim
1081 4049 1112 4120 si
1129 4049 1270 4121 somnia
1286 4073 1386 4121 max-

348 4166 421 4238 ima
448 4189 492 4238 ex
519 4176 624 4262 parte
657 4163 838 4238 naturalia
865 4185 942 4235 esse
973 4173 1009 4233 et
1036 4161 1082 4233 ab
1112 4161 1323 4255 arrogantia
1347 4175 1385 4234 et

348 4278 517 4374 superbia
544 4277 757 4351 somniantis
784 4273 983 4371 procedere
1012 4297 1118 4368 posse
1148 4272 1251 4345 sciat.
1310 4272 1385 4346 Qui
