2926 4980
186 540 263 589 CAP.
279 541 317 590 ll.

178 622 322 655 *w

181 678 215 722 Dc
225 679 310 724 heresi.

364 328 437 395 550
598 344 813 397 aronnnrx
832 347 886 397 an
905 347 1162 402 narranaam

362 512 489 608 populi
507 513 710 603 Israelitici,
724 516 787 611 qui
803 527 968 612 tempore
986 517 1100 591 Mosis
1118 529 1199 590 erat
1213 517 1326 592 Deus
1345 519 1427 615 ipse

362 648 430 720 per
446 638 595 721 pactum
612 628 844 717 constitutus,
863 628 1034 725 idemque
1061 653 1126 703 rex
1150 654 1221 727 per
1238 644 1424 706 naturam

364 739 478 812 totius
501 739 600 812 orbis
628 752 749 830 terrae,
774 740 1038 837 blasphemum,
1065 741 1145 840 lege
1171 743 1263 833 lata,
1292 746 1424 841 expel-

363 853 437 925 lere
450 854 574 949 potuit
591 877 636 926 ex
653 855 824 928 universa
840 868 951 946 terra,
968 856 1006 930 id
1024 867 1091 946 est,
1108 856 1296 932 occidere.
1343 858 1421 932 Sed

361 966 410 1040 ad
428 967 667 1062 quaestionem
692 978 794 1041 tuam
818 992 1032 1065 responsum
1048 970 1118 1043 hoc
1135 993 1262 1044 meum
1280 971 1338 1045 ita
1355 996 1419 1046 ac-

362 1079 455 1177 cipe,
467 1105 544 1155 non
556 1092 600 1154 ut
614 1081 758 1155 consilii
771 1082 887 1156 divini
900 1085 937 1156 in
951 1084 1033 1180 lege
1050 1083 1246 1157 condenda
1258 1110 1417 1160 causam

362 1194 561 1291 explicam,
579 1194 644 1268 sed
661 1208 704 1267 ut
721 1193 881 1269 conditae
899 1196 1109 1291 aequitatem
1127 1196 1348 1272 defendens.

411 1308 461 1381 A.
489 1308 659 1404 Intelligo
672 1308 750 1404 jam
769 1308 858 1405 quid
875 1309 923 1382 sit
940 1309 1115 1393 haeresim
1134 1334 1282 1407 nempe,
1296 1314 1412 1408 quod,

361 1421 492 1517 primo,
519 1431 599 1494 erat
628 1421 753 1517 opinio
778 1432 922 1495 tantum
948 1435 1080 1507 sectae;
1107 1422 1254 1514 deinde,
1283 1427 1412 1522 opinio

362 1545 472 1605 sectae
491 1532 734 1618 Christianae;
760 1536 883 1624 tertio,
901 1536 1025 1632 opinio
1051 1549 1161 1610 sectae
1185 1537 1411 1614 Christianae

361 1647 408 1719 ab
437 1647 591 1720 ecclesia
622 1647 813 1723 Catholica
848 1648 1040 1724 damnata.
1092 1650 1234 1724 Vellem
1267 1664 1308 1725 et
1337 1654 1409 1727 hoc

362 1760 466 1849 scire,
486 1785 508 1832 a
526 1785 598 1856 qua
614 1773 810 1857 potestate,
829 1775 867 1836 et
885 1788 958 1860 quo
979 1763 1102 1853 modo,
1119 1764 1166 1837 ab
1184 1765 1331 1862 origine
1347 1790 1409 1839 us-

362 1898 433 1970 que
449 1874 560 1947 hodie
576 1875 699 1970 puniri
715 1876 916 1950 cousuevit.

412 1989 461 2061 B.
489 1989 588 2062 Ante
614 1989 898 2062 Constantinum
928 1989 1117 2084 Magnum,
1144 1988 1404 2084 imperatorem

361 2101 610 2175 Christianum
643 2103 816 2198 primum,
841 2126 961 2198 neque
989 2115 1154 2198 pastores
1180 2126 1301 2200 neque
1332 2106 1402 2200 ipsi

360 2215 516 2311 apostoli
538 2225 760 2311 potestatem
785 2215 992 2288 habuerunt
1017 2215 1201 2289 haereticis
1219 2241 1244 2290 a
1261 2240 1300 2291 se
1317 2241 1401 2291 con-

359 2328 542 2402 demnatis
569 2352 717 2424 poenam
746 2328 858 2400 ullam
884 2327 1087 2424 infligendi,
1111 2352 1234 2425 neque
1260 2331 1345 2405 illos
1367 2333 1405 2404 in

359 2442 507 2514 exilium
522 2441 706 2526 mittendi,
717 2465 837 2536 neque
854 2441 1025 2514 libertate
1039 2444 1205 2538 corporis
1221 2445 1407 2540 privandi,

358 2579 478 2651 neque
509 2555 840 2650 quomodocunque
868 2555 1112 2641 molestandi3
1140 2557 1278 2653 quippe
1306 2560 1409 2655 quod

359 2670 428 2742 soli
462 2692 605 2740 summo
640 2668 835 2762 imperanti
870 2667 917 2740 ad
952 2670 1269 2743 conservationem
1304 2674 1409 2768 pacis

358 2782 601 2877 competebat.
663 2781 992 2854 Excommunicare
1022 2795 1236 2877 potuerunt,
1268 2783 1309 2856 id
1340 2800 1408 2877 est,

359 2919 486 2968 eorum
519 2895 743 2982 societatem,
771 2894 991 2982 convictum,
1019 2918 1256 2990 congressum
1292 2896 1409 2972 decli-

358 3033 447 3082 nare
476 3021 514 3082 et
541 3008 680 3103 fugere,
704 3021 880 3103 tanquam
907 3008 1138 3081 ethnicorum
1156 3009 1214 3081 vel
1238 3011 1410 3105 publica-

358 3146 514 3205 norum;
535 3145 616 3216 quae
634 3146 743 3216 poena
759 3146 833 3194 non
852 3133 919 3210 est,
933 3134 971 3194 et
988 3146 1237 3218 saepenumero
1260 3149 1411 3200 excom-

358 3235 562 3308 municanti
580 3235 696 3329 magis
714 3259 825 3329 quam
839 3237 1154 3309 excommunicato
1172 3237 1411 3314 incommoda

360 3361 450 3422 erat.
503 3349 546 3420 ln
570 3348 733 3420 Concilio
760 3349 902 3421 Niceno
919 3373 1040 3444 prena,
1059 3349 1241 3423 damnatis
1259 3352 1410 3426 haereti-

359 3462 423 3549 cis,
438 3462 475 3533 in
495 3461 646 3534 clericos
663 3471 809 3532 tantum
827 3461 1029 3534 constituta
1047 3473 1114 3551 est,
1130 3486 1246 3557 eaque
1265 3477 1349 3538 erat
1365 3479 1410 3539 ut

360 3575 522 3648 ecclesiis
550 3575 624 3646 suis
652 3575 896 3669 privarentur.
951 3575 1025 3647 Sed
1048 3587 1177 3648 contra
1205 3576 1409 3672 discipulos

359 3689 505 3761 illorum
519 3699 700 3761 statutum
717 3701 774 3760 est
791 3688 893 3775 nihil,
906 3689 991 3783 quia
1007 3689 1091 3761 laici
1107 3689 1204 3762 forte
1220 3691 1265 3762 de
1281 3705 1410 3787 pasto-

360 3826 441 3874 rum
459 3826 608 3874 suorum
626 3800 802 3873 doctrinis
815 3800 981 3897 judicare
996 3801 1145 3873 minime
1160 3804 1407 3891 tenebantur;

359 3918 417 3990 vel
443 3915 551 4004 forte,
581 3916 667 4010 quia
693 3915 858 4011 plerique
888 3939 1015 3988 eorum
1045 3915 1178 3988 milites
1211 3930 1318 3989 erant
1343 3922 1409 4016 qui

360 4032 428 4103 sub
454 4030 674 4125 imperatore
699 4030 778 4124 ipso
803 4041 1023 4117 meruerant,
1043 4053 1112 4102 nec
1139 4031 1307 4103 irritandi
1326 4035 1409 4108 sine

359 4143 522 4239 periculo
540 4156 657 4216 erant.
694 4143 815 4215 Etiam
833 4142 1002 4215 doctores
1016 4143 1211 4215 haeresium
1228 4144 1296 4239 ipsi
1315 4147 1409 4222 cita·

360 4258 495 4331 bantur
511 4257 558 4329 ad
577 4257 793 4345 Concilium,
811 4280 937 4328 eorum
962 4256 1123 4329 rationes
1147 4256 1407 4352 audiebantur,
