2926 4980
304 306 375 372 524
539 317 758 372 arraunrx
777 317 833 371 an
852 317 1109 374 narranaam

133 518 211 567 cip.
227 520 250 569 1,
351 488 400 560 Β.
429 488 528 563 Quia
544 488 634 563 dicit
652 489 689 563 S.
705 488 849 578 PauluS,
871 491 906 583 (1
930 488 1015 564 Cor.
1032 513 1093 564 xv.
1108 491 1258 583 22-24),
1269 512 1360 586 quae

113 598 261 710 Μ
301 613 358 675 est
387 600 580 675 harmonia
595 602 739 675 Veteris
767 616 806 677 ct
834 603 932 676 Novi
958 602 1214 687 Testamenti;
1243 600 1360 676 Sicut

114 708 207 772 Nioba
302 714 341 786 in
356 713 506 787 Adomo
524 739 647 788 omnes
664 716 802 788 mortui
818 725 917 805 aunt,
930 716 986 788 ita
998 716 1036 788 in
1054 714 1209 788 Christo
1225 739 1357 789 omnes

300 826 531 921 vivificamur
548 856 562 900 .·
602 828 853 926 unusquisque
884 829 922 901 io
955 828 1119 926 proprio
1154 851 1355 925 corpore:

293 939 482 1037 primitiae
502 939 677 1014 Christos
690 968 704 1012 .·
731 940 868 1014 &inde
895 940 955 1013 illi
984 941 1050 1038 qui
1078 950 1166 1014 aaut
1185 939 1353 1031 Christi,

300 1053 338 1125 in
356 1053 517 1129 advento
538 1052 695 1126 Christi.
747 1053 897 1127 Deinde
902 1055 1013 1148 finis,
1031 1063 1103 1127 etc.

349 1167 385 1238 Α
391 1222 399 1238 .
426 1166 617 1240 Adventus
634 1165 771 1239 Christi
790 1166 861 1238 crit
878 1167 977 1240 idem
1002 1191 1087 1240 cum
1116 1166 1177 1240 die
1200 1167 1350 1264 judicii.

300 1279 419 1352 Nemo
438 1304 526 1376 ergo
543 1279 738 1353 reviviscet
755 1293 843 1351 ante
860 1279 959 1352 diem
980 1279 1124 1376 judicii,
1139 1280 1205 1353 sed
1223 1281 1266 1353 in
1283 1280 1351 1355 illo

300 1392 379 1488 ipso
399 1392 467 1465 die.
495 1392 679 1466 Adamum
696 1416 785 1489 ergo
800 1404 900 1467 certe
918 1392 1133 1466 salvandum
1147 1417 1228 1467 esse
1240 1407 1349 1490 puto,

300 1528 368 1577 nec
385 1517 509 1578 tamen
526 1508 641 1578 vitam
657 1505 810 1602 recipiet
827 1518 913 1580 ante
930 1506 1029 1579 diem
1046 1506 1229 1581 ultimum.
1284 1510 1348 1584 In-

299 1631 400 1691 terea
417 1618 600 1714 qnomodo
618 1618 762 1692 dicetur
778 1619 926 1692 vivere?
980 1620 1020 1692 Si
1037 1643 1104 1716 per
1119 1620 1287 1695 animam
1303 1622 1343 1697 in

299 1731 393 1804 coelo
420 1732 520 1806 vivet
545 1732 708 1805 Adamus
731 1745 931 1828 antequam
957 1746 1013 1806 est
1038 1734 1235 1822 animatuS,
1263 1737 1346 1811 ani-

299 1868 359 1917 ma
375 1847 464 1942 ejnr,
479 1846 634 1921 simodo
652 1847 701 1919 sit
717 1847 924 1921 substantia
939 1847 1080 1937 viverra,
1097 1847 1195 1921 vivet
1209 1849 1248 1922 in
1267 1874 1346 1925 non

298 1958 460 2032 animato
490 1983 655 2057 corpore,
690 1959 790 2057 qnod
817 1959 923 2033 valde
952 1959 1086 2033 dnrnm
1116 1972 1172 2034 est
1203 1961 1345 2038 dicere.

299 2071 443 2146 Animae
470 2085 593 2146 autem
616 2072 807 2147 hominum
833 2096 972 2163 eorum,
988 2074 1052 2169 qui
1078 2072 1117 2146 in
1135 2072 1196 2147 die
1210 2076 1345 2172 judicii

296 2184 335 2257 in
359 2199 459 2259 terra
474 2186 650 2276 virentes,
668 2187 908 2260 elevabuntur
933 2185 981 2260 ad
997 2187 1114 2259 nubes
1131 2198 1171 2260 et
1187 2187 1278 2262 inde
1295 2191 1346 2264 ad

297 2299 442 2387 coelum,
461 2299 599 2373 eaedem
626 2300 771 2390 animae,
790 2323 946 2395 corpora
971 2298 1162 2373 habebunt
1189 2302 1345 2397 spiritu-

297 2412 380 2502 alia,
408 2412 609 2509 eademqne
639 2415 803 2487 animata
829 2413 972 2502 animis,
991 2413 1021 2486 si
1039 2412 1187 2509 quidem
1206 2417 1345 2492 animae

297 2525 372 2599 sint
385 2527 600 2600 substantiae
614 2527 702 2600 inse
716 2528 926 2616 existentes,
940 2525 1201 2622 spiritualibus.
1229 2529 1345 2604 Quae.

297 2664 384 2712 nam
411 2665 500 2736 ergo
530 2641 601 2713 erit
631 2639 837 2713 differentia
862 2639 925 2712 illa
951 2640 1048 2712 inter
1068 2639 1141 2713 dno
1158 2639 1222 2713 illa
1239 2645 1344 2719 entia

297 2753 510 2849 spiritualia,
528 2778 660 2850 eorpus
678 2767 717 2827 et
733 2755 905 2827 animam.

345 2868 396 2940 B.
423 2867 517 2939 Mihi
531 2866 679 2962 quidem
694 2867 901 2940 differentia
914 2865 976 2939 illa
990 2866 1255 2963 inexplicabilis
1270 2883 1340 2962 est,

295 2980 364 3052 nisi
382 2981 606 3053 concedatur
622 2981 737 3053 vitam
755 2993 931 3054 aeternam
958 2980 1166 3053 hominibus
1182 3004 1259 3055 non
1282 2985 1340 3058 in-

294 3093 415 3188 cipere
442 3094 512 3166 nisi
540 3118 562 3166 a
588 3095 868 3183 resurrectione,
898 3106 936 3166 et
967 3094 1080 3166 vitam
1108 3106 1146 3167 et
1172 3096 1339 3173 animam

292 3206 447 3280 eandem
461 3231 539 3280 esse
551 3232 640 3293 rem,
652 3233 737 3281 cum
749 3209 788 3280 in
802 3208 1000 3303 Scripturis
1016 3207 1137 3280 Sacris
1151 3232 1338 3306 nusquam

293 3333 419 3415 aperte
437 3322 722 3417 distinguantur.
774 3322 897 3394 Verba
914 3334 1038 3394 autem
1061 3320 1124 3393 illa
1141 3321 1278 3396 Christi
1296 3326 1338 3400 in

292 3458 400 3508 cruce
418 3435 465 3508 ad
482 3435 674 3525 latronem,
688 3436 791 3528 (an.
806 3436 907 3508 xxiii.
927 3437 993 3528 43)
1012 3462 1020 3505 t
1048 3433 1177 3507 Hodie
1195 3460 1337 3511 mecum

291 3547 369 3619 erio
387 3549 424 3621 in
448 3549 661 3645 perediam
689 3562 726 3623 et
743 3550 804 3623 illa
829 3549 877 3621 ad
895 3547 1117 3642 discipulos;
1145 3547 1235 3646 Ego
1253 3574 1336 3623 aum

290 3661 408 3734 orbor
425 3663 540 3744 oitce;
566 3686 741 3758 quorsum
755 3673 938 3757 spectant,
957 3661 1028 3733 nisi
1045 3671 1087 3732 ut
1105 3660 1226 3734 sciant
1242 3663 1336 3736 fide-

291 3774 343 3847 les
370 3785 535 3847 amotnm
554 3797 631 3847 esse
658 3800 681 3848 a
707 3789 816 3871 porta
845 3774 1005 3870 paradisi
1034 3772 1198 3868 gladium
1226 3775 1334 3850 illum

290 3889 552 3974 flammantem,
570 3897 607 3960 et
632 3912 698 3983 per
715 3888 934 3960 sacrificium
952 3885 1090 3960 Christi
1107 3887 1334 3982 patefactam

289 4000 386 4074 viam
404 4025 482 4073 esse
507 4000 556 4073 ad
579 4002 747 4073 arborem
763 4000 862 4089 vitae,
880 4000 920 4073 id
936 4013 1003 4088 est,
1021 3997 1070 4071 ad
1093 3998 1207 4072 vitam
1221 4014 1331 4077 reter-

289 4114 403 4186 nam?
431 4113 531 4186 Quid
548 4136 636 4207 ergo
655 4137 747 4210 opus
771 4124 826 4186 est
840 4113 901 4209 pio
919 4111 1060 4187 homini
1077 4111 1332 4192 immortalita-

287 4240 361 4298 tem
386 4251 488 4298 suam
513 4227 701 4314 creationi,
727 4225 765 4298 id
796 4241 863 4316 est,
882 4237 1036 4313 naturae,
1068 4225 1190 4320 potius
1218 4252 1330 4324 qnam

287 4339 544 4435 redemptioni,
562 4338 791 4412 attribuere?
