2926 4980
205 535 282 586 cAP.
294 537 396 588 xvlll.

232 618 374 653 b—r*

205 677 239 719 De
245 676 297 732 jura
305 676 342 720 ha

203 742 301 784 bantium
312 747 380 799 potes

204 812 271 849 tatem
281 820 358 849 summi
365 821 389 852 m

203 871 226 913 in
236 871 324 914 civitate
333 885 373 928 per

202 935 367 980 induitionem.

421 333 488 397 136
798 351 853 401 nn
874 351 1080 403 c1v1nxnn.

416 512 640 607 regulatione
658 516 826 590 consistit
843 519 1023 614 regulatio
1051 517 1197 604 civium,
1212 512 1311 587 unde
1337 511 1454 585 oritur

416 649 486 720 pax
503 638 542 699 et
559 629 767 703 concordia.
813 632 1033 727 Quanquam
1051 642 1174 703 autem
1202 626 1454 701 doctrinarum

417 739 549 813 veritas
567 743 644 815 sola
657 767 787 839 scopus
798 746 857 834 sit,
870 746 953 840 paci
964 757 1099 828 tamen,
1110 744 1140 816 si
1151 766 1246 816 verae
1264 754 1361 828 sunt,
1377 763 1454 812 non

415 869 631 949 repugnant.
682 857 871 931 Doctrinae
902 859 999 931 enim
1030 859 1111 954 paci
1137 856 1332 930 contrariae
1356 878 1453 927 verae

414 989 491 1039 esse
509 992 583 1041 non
600 982 764 1064 possunt,
783 971 853 1044 nisi
870 973 981 1044 etiam
998 997 1069 1067 pax
1087 984 1124 1044 et
1142 969 1339 1043 concordia
1364 992 1450 1040 con·

413 1080 536 1152 trariae
554 1080 722 1154 dicantur
738 1082 879 1179 legibus
898 1085 1135 1158 naturalibus.
1187 1083 1231 1155 In
1243 1082 1453 1155 civitatibus

414 1193 573 1289 quidem,
587 1205 772 1269 rectorum
785 1197 1051 1293 doctorumque
1065 1195 1290 1292 negligentia
1306 1209 1371 1267 ant
1384 1194 1453 1267 im-

412 1307 554 1402 peritia,
585 1332 728 1386 errores
760 1334 955 1405 progressu
990 1309 1165 1404 temporis
1199 1306 1453 1380 universaliter

411 1445 478 1516 pro
509 1422 606 1493 veris
637 1423 762 1518 recipi,
780 1436 818 1495 ct
847 1423 1018 1495 veritates
1053 1422 1244 1519 displicere
1273 1435 1452 1517 possunt;

411 1534 577 1606 veritatis
608 1546 731 1607 tamen
758 1560 863 1608 novae
896 1548 1081 1632 utcunque
1111 1535 1234 1607 subita
1258 1533 1451 1630 apparitio,

412 1647 480 1721 etsi
491 1647 650 1742 sopitum
660 1649 797 1721 bellum
808 1648 1004 1744 aliquando
1015 1649 1175 1721 excitare
1186 1647 1312 1743 possit,
1323 1670 1451 1742 paoem

411 1771 534 1833 tamen
563 1785 751 1856 nunquam
780 1762 904 1835 uolat.
958 1762 1032 1836 Qui
1058 1765 1156 1835 enim
1185 1761 1277 1834 adeo
1303 1763 1451 1833 remisse

411 1886 597 1969 regnatur,
623 1888 666 1947 ut
700 1876 881 1970 opinionis
908 1901 1012 1949 novae
1038 1875 1316 1948 introducendae
1341 1899 1452 1948 causa

411 2010 540 2082 capere
558 2011 661 2060 arma
676 1989 822 2078 audeat,
841 1989 1054 2062 etiamtunc
1071 1990 1233 2062 animum
1250 1988 1450 2062 rebellandi

410 2100 549 2173 habuit.
603 2101 713 2175 Quod
740 2114 865 2174 autem
895 2126 970 2174 non
1000 2126 1192 2198 aggressus
1227 2104 1285 2192 sit,
1302 2128 1325 2175 a
1349 2116 1450 2175 metu

413 2225 482 2304 est,
500 2214 655 2287 viventis
673 2239 804 2311 nempe
822 2216 925 2312 quasi
942 2215 981 2288 in
998 2216 1190 2312 procinctu
1210 2216 1338 2312 praelii.
1390 2216 1451 2289 Ad

412 2352 591 2401 summam
610 2353 697 2426 ergo
715 2341 934 2426 potestatem
945 2331 1080 2403 attinet
1090 2331 1302 2426 opinionum
1313 2341 1351 2402 et
1364 2330 1450 2403 doc-

411 2442 589 2514 trinarum
613 2444 990 2540 omnium-judicatio,
1007 2455 1050 2516 ut
1076 2468 1158 2539 quae
1185 2443 1449 2516 discordiarum

410 2555 566 2651 bellique
579 2556 694 2629 civilis
712 2558 909 2654 saepissime
927 2583 1038 2631 causa
1055 2569 1092 2629 et
1110 2557 1213 2652 origo
1228 2557 1447 2630 cssesolent.

459 2669 611 2754 Octavo,
630 2670 791 2766 ejusdem
810 2695 961 2744 summae
978 2671 1170 2766 potestatis
1180 2671 1240 2764 jus
1258 2682 1325 2759 est,
1339 2694 1447 2766 regu-

409 2781 462 2853 las
478 2783 728 2877 praescribere,
747 2783 890 2879 quibuS,
909 2783 997 2879 quid
1014 2784 1062 2856 sit
1078 2806 1183 2855 suurn
1201 2784 1449 2879 unusquisque

409 2894 501 2966 sciat
519 2906 557 2966 et
573 2895 717 2968 fruatur
734 2897 811 2969 sine
829 2898 996 2970 molestia
1012 2896 1277 2980 aconcivibus;
1304 2896 1450 2993 etquid

409 3030 517 3102 agere
534 3007 634 3080 licite
651 3009 778 3103 possit,
794 3023 831 3082 et
850 3010 940 3103 quid
957 3009 1055 3082 licite
1073 3033 1147 3082 non
1163 3009 1301 3104 possit;
1328 3010 1447 3100 idest,

408 3120 553 3214 regulas
563 3121 1041 3216 praescribereoircarcrum
1051 3122 1324 3218 proprietatem.
1352 3123 1448 3196 Nam

408 3245 494 3306 ante
512 3258 691 3307 summam
708 3247 929 3330 potestatem
947 3237 1185 3308 constitutam
1199 3236 1260 3330 jus
1274 3247 1353 3308 erat
1369 3261 1448 3308 om-

408 3346 514 3419 nibns
532 3347 570 3418 in
585 3347 718 3436 omnia,
734 3348 833 3443 quod
848 3358 927 3420 erat
939 3371 1049 3420 causa
1059 3348 1156 3420 belli.
1185 3349 1336 3444 Regulae
1346 3373 1447 3445 ergo,

409 3461 540 3556 quibus
559 3459 783 3532 deliniuntur
801 3485 914 3532 aretam
932 3474 968 3533 et
987 3469 1096 3549 tuom,
1115 3476 1152 3533 et
1177 3461 1215 3533 in
1241 3462 1448 3535 actionibus

409 3574 548 3663 bonum,
567 3574 711 3664 moltam,
731 3576 885 3664 licitum,
904 3576 1087 3664 illicitum,
1106 3601 1129 3649 a
1155 3578 1286 3672 quibus
1312 3579 1448 3675 depen-

409 3689 473 3761 det
499 3713 571 3784 pax
597 3688 743 3776 civrum,
762 3690 809 3761 ab
834 3689 993 3762 habente
1023 3701 1241 3785 potestatem
1267 3714 1448 3765 summam

408 3802 686 3896 praescribendae
705 3815 801 3876 sunt.
852 3804 1042 3875 Vocantur
1064 3816 1187 3876 antem
1212 3806 1348 3901 regulae
1376 3807 1448 3879 illae

409 3912 515 4011 leges
546 3915 686 4003 civiles,
716 3917 791 3989 sive
819 3901 977 3989 civitatis
1005 3916 1101 3990 illius
1127 3918 1237 4014 legeS,
1268 3921 1372 4015 cujus
1395 3921 1447 3991 ci-

407 4026 512 4098 vibus
539 4029 842 4123 praescribuntnr;
872 4052 1081 4124 quanquam
1109 4055 1242 4103 nomen
1265 4031 1356 4104 illud
1385 4032 1447 4104 lca

408 4139 531 4210 civilia
559 4141 801 4236 restringatur
829 4141 938 4213 hodie
964 4141 1012 4213 ad
1042 4142 1321 4238 significandum
1345 4145 1447 4242 leges

410 4252 592 4325 Romanas
615 4256 796 4350 antiquas,
815 4255 901 4351 quia
919 4255 1079 4328 civitatis
1097 4257 1283 4345 Romanae,
1295 4272 1446 4355 propter
