2926 4980
332 404 386 454 nu
406 402 600 455 crvrrnru
619 402 888 456 curusrrnnn.
1053 383 1126 462 357

146 571 330 644 Quoniam
342 596 429 669 ergo
443 574 645 647 authoritas
659 573 774 646 Mosis
787 572 1024 646 subordinate
1035 582 1126 661 erat,
1155 601 1233 650 cnr.
1248 598 1319 649 nur.

94 685 226 780 etipse
244 686 312 758 Dei
333 710 477 782 prorem
496 687 661 782 sequitur
678 688 789 760 etiam
807 686 1005 776 Christum,
1023 687 1127 781 cujus
1155 681 1317 786 ὓζζπῖώ

95 799 309 885 authoritas,
327 802 366 873 in
393 814 570 897 quantum
588 812 666 874 erat
684 801 805 890 homo,
824 812 903 874 erat
919 798 1046 871 similis
1063 820 1127 870 au·
1153 807 1293 916 29:2⁶ssss

95 913 262 986 thoritati
292 916 417 998 Mosis,
443 916 509 987 sub
540 916 619 988 Deo
654 916 761 988 Patre
795 938 860 987 suo
890 921 1126 1008 regnaturum
1287 905 1293 914 ’

95 1049 185 1098 esse.
237 1027 281 1099 ld
307 1026 406 1122 quod
430 1027 656 1123 significatur
674 1027 785 1100 etiam
810 1025 850 1099 iu
867 1049 911 1099 eo
930 1023 1029 1121 quod
1045 1047 1128 1122 pre-

96 1139 172 1210 cari
199 1163 266 1211 nos
294 1140 429 1228 docuit,
456 1140 577 1213 Pater
604 1149 743 1230 noster,
771 1138 947 1213 adveniat
973 1161 1129 1235 regnum

96 1260 194 1323 tuum
206 1280 219 1334 ;
246 1263 284 1323 et
309 1262 408 1324 tuum
433 1262 489 1325 est
514 1276 682 1351 regnum,
710 1253 899 1350 potentio,
917 1261 955 1324 et
969 1249 1102 1348 gloria
1113 1277 1127 1331 ;

96 1375 195 1437 etex
213 1376 256 1438 eo
275 1366 373 1460 quod
391 1366 536 1453 dicitur,
554 1366 673 1438 veniet
691 1365 729 1438 in
744 1363 876 1462 gloria
894 1363 1027 1436 Patrio
1043 1362 1128 1444 aui3

97 1490 196 1549 etex
214 1502 257 1550 eo
275 1478 373 1574 quod
391 1479 480 1551 dicit
498 1479 655 1551 Sanctus
678 1477 810 1550 Paulus
835 1477 867 1567 (l
883 1476 966 1549 Cor.
978 1499 1036 1548 xv.
1048 1476 1128 1566 24),

97 1590 344 1684 deindefinir,
359 1617 437 1664 cum
449 1590 658 1665 tradiderit
670 1614 825 1688 regnum
838 1587 921 1662 Deo
934 1598 972 1662 et
987 1588 1100 1660 Patri
1115 1616 1128 1671 ,-

97 1713 134 1775 et
151 1727 195 1776 ex
213 1704 293 1776 aliis
310 1705 399 1778 locis
413 1705 609 1778 nonnullis

520 1891 713 1900 ———-—-

455 2019 616 2092 CAPUT
640 2017 758 2089 XLII.

334 2168 379 2215 DE
400 2167 600 2216 POTESTATE
619 2166 899 2214 uectusmsrlct.

99 2269 159 2342 Ur
185 2268 409 2365 intelligatur
429 2280 604 2368 potestas
624 2261 895 2356 ecclesiastico,
914 2265 1002 2363 quid
1020 2266 1078 2356 sit,
1096 2276 1134 2339 et

98 2405 253 2478 quorum
289 2384 491 2472 homiuum,
529 2394 697 2480 tempora
730 2383 836 2456 nobis
871 2378 1133 2476 distinguenda

97 2496 242 2568 suntab
257 2497 467 2569 ascensione
486 2497 622 2569 Christi
639 2496 677 2567 in
694 2506 816 2589 partes
832 2496 923 2568 duas
937 2526 947 2578 ;
978 2494 1132 2566 alteram

96 2620 194 2696 aute,
212 2608 363 2680 alteram
381 2622 476 2705 post,
495 2634 603 2705 quam
617 2634 722 2707 reges
736 2609 813 2694 ulli,
824 2609 882 2680 vel
900 2620 1017 2680 coetus
1036 2631 1134 2680 sum-

96 2745 157 2794 ma
173 2732 352 2816 potestate
370 2722 527 2818 praediti,
547 2723 683 2796 Christi
696 2723 806 2795 fidem
824 2720 983 2817 amplexi
1000 2732 1133 2793 essent.

98 2835 264 2930 Spatium
276 2834 372 2906 euim
384 2847 462 2906 erat
473 2836 671 2931 plusquam
685 2847 931 2909 trecentorum
941 2856 1133 2922 annorum,

97 2970 121 3018 a
137 2947 271 3019 Christi
289 2949 548 3043 assumptione,
568 2947 616 3020 ad
629 2972 766 3045 regem,
785 2947 847 3043 qui
859 2947 998 3042 primus
1011 2945 1134 3019 Chris-

97 3060 236 3132 tianam
248 3060 358 3131 fidem
373 3062 573 3156 amplexus,
585 3074 622 3134 et
635 3062 780 3157 publice
793 3060 916 3133 doceri
929 3082 1055 3155 passus
1066 3071 1134 3131 est.

149 3172 203 3244 De
220 3173 334 3267 priori
353 3185 526 3270 tempore,
545 3175 583 3247 in
601 3174 766 3247 confesso
779 3186 835 3246 est
845 3182 1064 3268 potestatem
1075 3195 1135 3243 ec-

99 3285 320 3357 clesiaticam
355 3298 471 3357 totam
500 3286 611 3360 fuisse
640 3288 677 3360 in
710 3286 909 3382 apostolis;
945 3296 982 3356 et
1006 3285 1052 3357 ab
1078 3284 1135 3357 his
1255 3282 1261 3292 '

98 3398 287 3471 transiisse
314 3401 361 3470 ad
389 3422 450 3471 eos
480 3400 542 3494 qui
568 3401 613 3473 ab
640 3399 813 3496 apostolis
840 3398 887 3471 ad
904 3397 1070 3470 homines
1087 3396 1135 3470 ad

99 3510 235 3583 Christi
253 3510 363 3584 fidem
381 3511 646 3606 perducendos,
663 3511 931 3608 perductusque
947 3509 985 3581 in
1002 3510 1062 3582 via
1079 3533 1136 3582 sa-

97 3624 184 3696 lutis
210 3623 422 3697 retinendos
443 3625 599 3697 ministri
624 3625 813 3721 Evangelii
839 3621 1030 3696 constituti
1060 3623 1137 3695 fue·

98 3750 194 3810 rant.
232 3737 374 3810 Quibus
388 3761 593 3810 successere
608 3738 670 3810 alii
686 3739 732 3810 ab
746 3739 804 3810 his
821 3737 948 3810 itidem
966 3735 1136 3825 instituti,

98 3874 165 3947 per
180 3874 352 3923 manuum
366 3850 658 3946 impositionem
677 3874 748 3946 quo
763 3851 836 3922 ritu
855 3848 1059 3944 significare
1072 3872 1137 3919 vo-

99 3965 247 4037 luerunt
265 3963 423 4058 Spiritus
442 3964 568 4036 Sancti
587 3964 723 4036 donum
734 3963 771 4035 in
783 3962 970 4034 ministros
983 3959 1076 4051 illos,
1089 3959 1136 4033 ad

99 4102 253 4173 regnum
265 4076 414 4149 coeleste
427 4074 728 4172 promovendum,
742 4075 916 4147 collatum
931 4096 1020 4145 esse.
1047 4072 1135 4146 Ma-

100 4216 207 4264 nnum
224 4201 347 4262 autem
365 4189 548 4284 impositio
567 4189 619 4261 nil
645 4187 746 4261 aliud
772 4200 863 4277 erat,
883 4196 1019 4282 praeter
1037 4211 1136 4258 com-

100 4305 219 4378 missae
238 4303 308 4376 illis
325 4302 517 4396 potestatis
534 4301 759 4399 praedicandi
787 4301 973 4376 Christum
1001 4299 1137 4374 doctri-
