2926 4980
266 367 341 433 m
507 384 564 437 nr
580 386 776 440 cmm}
794 386 1069 441 clumam.

96 578 142 626 rr.
155 580 242 633 nun.
264 551 380 623 tariis.
432 552 600 626 Proximo
617 555 1184 648 autemlocucunsirhnbimus,
1199 560 1321 656 quod-

96 670 230 772 JJJ.
265 691 351 738 nam
368 667 408 739 in
423 668 579 741 ecelem'a
592 670 754 742 officium
768 670 930 742 habeant
952 670 1020 758 illi,
1036 672 1105 766 qui
1129 696 1321 747 summam

96 774 232 839 ὦπα
265 781 403 853 habent
420 798 639 876 potestatem
653 782 811 870 rirdem,
834 782 1022 878 fidernque
1045 783 1165 858 fidem
1189 785 1320 861 Chris-

265 896 404 966 tianam
420 896 582 991 amplexi
597 914 697 969 sunt.

308 1007 504 1103 Imprimis,
513 1012 721 1084 meminisse
734 1022 879 1106 oportet
886 1009 1190 1084 dammtum
1203 1037 1319 1110 supra

264 1145 356 1193 esse.
368 1122 431 1213 jus
443 1122 635 1214 judicandi
649 1148 731 1217 quae
749 1124 929 1195 doctrinm
943 1125 1215 1199 comandae
1231 1129 1317 1224 paci

265 1234 373 1305 utiles
389 1235 462 1304 siut
475 1252 513 1305 et
531 1235 708 1306 docenda
725 1238 885 1330 publice,
897 1238 1197 1334 inseparabiliter
1213 1265 1316 1314 sum·

264 1372 335 1419 mae
360 1348 536 1442 potestati
563 1348 663 1418 civili
690 1372 878 1422 annexmn
906 1372 1000 1422 eme.
1064 1351 1315 1427 Manifestum

263 1462 363 1532 euim
379 1474 449 1545 est,
466 1460 579 1530 etiam
591 1459 809 1533 tardissimis
822 1463 992 1558 ἰιιςειιίἱε,
1004 1464 1176 1538 ufiones
1191 1465 1314 1541 homi-

263 1598 355 1647 uum
370 1574 416 1644 ab
434 1573 668 1667 opiniom'bus
684 1576 800 1647 nasci.
816 1600 909 1670 quas
923 1575 1064 1648 habent
1081 1575 1130 1648 de
1153 1578 1259 1653 bono
1274 1594 1313 1653 ct

263 1688 360 1761 maio
383 1687 430 1758 ab
457 1687 664 1759 actiombus
691 1689 778 1783 ipsis
795 1689 866 1760 sibi
882 1687 1164 1774 redundaturo3
1188 1706 1228 1765 et
1245 1718 1314 1790 per

262 1823 502 1896 consequeus,
531 1824 607 1889 eos,
634 1804 697 1897 qui
727 1801 976 1874 obedientiam
1003 1807 1186 1899 potestati
1210 1808 1312 1883 ciuili

262 1932 437 2012 praestare
451 1912 668 1986 damnosum
681 1916 752 1987 sibi
768 1916 936 1988 futurum
947 1915 1120 2003 eredunt,
1142 1919 1194 1992 ad
1209 1920 1311 2016 leges

262 2029 451 2101 violandas
479 2028 587 2100 facile
615 2031 766 2127 impelli,
782 2029 832 2102 ad
861 2044 981 2101 status
1009 2028 1131 2103 civilis
1147 2034 1310 2106 eversio-

263 2167 361 2230 nem,
378 2158 416 2214 et
433 2142 521 2213 belli
546 2144 663 2216 civilis
688 2144 990 2223 renovationem
1014 2143 1123 2237 cujus
1138 2143 1308 2240 fugiendi

261 2281 385 2342 musa,
401 2258 569 2329 civitates
596 2283 724 2330 omnes
750 2257 928 2329 institute
955 2268 1056 2328 sunt
1107 2257 1242 2353 ltaque
1268 2259 1308 2332 in

262 2371 471 2444 civitatibus
497 2372 607 2442 enen
626 2372 796 2458 ethnicis,
819 2384 987 2464 pastores
1012 2369 1152 2464 pffisim
1182 2371 1308 2445 vocati

261 2498 362 2570 sunt,
374 2486 438 2579 qui
448 2510 627 2557 summam
646 2488 684 2557 iu
697 2486 767 2556 iliis
784 2484 946 2556 habuere
962 2496 1211 2578 potestatem:
1235 2510 1305 2582 po-

261 2598 389 2694 pulum
418 2600 518 2670 enim
547 2599 680 2671 docere
707 2598 796 2670 ciris
823 2596 945 2669 nullus
971 2596 1109 2691 potuit,
1136 2598 1210 2670 uisi
1237 2623 1306 2695 per

260 2711 406 2783 illorum
428 2712 702 2783 authoritatem.

312 2826 422 2898 Quod
435 2828 496 2918 jus
513 2825 585 2897 hoc
602 2848 730 2919 regum
760 2823 1005 2907 ethnicorum,
1021 2822 1131 2894 simul
1148 2847 1194 2895 ac
1214 2848 1304 2897 con-

261 2954 492 3010 verterentur
519 2962 625 3033 reges
655 2937 707 3007 illi
737 2935 785 3007 ad
809 2934 921 3006 fidem
947 2934 1099 3022 Christi,
1116 2936 1303 3011 sublatum

259 3066 368 3139 esset,
394 3075 470 3122 non
499 3064 620 3145 potest
650 3048 762 3120 credi.
830 3048 998 3119 Christus
1028 3049 1130 3120 enim
1153 3049 1302 3145 spoliari

259 3163 413 3258 imperio
430 3188 536 3260 reges
553 3187 597 3235 eo
616 3162 764 3233 nomine
778 3185 854 3232 uon
866 3161 996 3248 voluit,
1011 3162 1112 3256 quod
1124 3163 1165 3234 in
1181 3164 1301 3258 ipsum

259 3277 474 3349 crederent:
501 3290 686 3371 nequent
717 3275 885 3369 cuiquam
917 3275 980 3346 alii
1005 3275 1299 3370 subjicerentur:

259 3414 377 3487 neque
395 3407 436 3462 ut
454 3402 637 3487 potestate
661 3412 792 3483 pacem
817 3389 915 3458 iuter
933 3388 1031 3458 cives
1048 3411 1135 3460 suos
1151 3412 1300 3462 conser-

259 3505 380 3592 vandi,
410 3521 446 3576 et
474 3518 605 3575 contra
631 3503 756 3574 hostes
791 3499 1024 3584 defendendi,
1053 3504 1298 3595 privarentur.

259 3619 353 3690 Sunt
366 3643 455 3714 crgo
468 3642 574 3707 reges
589 3617 801 3703 Christiani,
815 3616 926 3687 etiam
940 3638 1051 3703 nunc,
1069 3614 1298 3687 subditorum

258 3757 406 3805 suorum
436 3744 602 3826 pastores
623 3730 796 3826 supremi,
822 3740 859 3801 et
884 3731 946 3823 jus
971 3727 1109 3800 habent
1132 3742 1298 3823 pastores

258 3849 325 3921 sub
344 3872 384 3919 se
401 3843 660 3930 constituendi⁷
678 3866 770 3937 quos
794 3842 864 3937 ipsi
887 3842 1041 3914 idoneos
1058 3840 1107 3914 ad
1122 3842 1298 3938 populum

258 3960 512 4036 instruendum
526 3958 756 4054 judicabunt.

308 4078 501 4162 Praeterea‚
519 4072 588 4144 etsi
608 4072 669 4165 jus
686 4081 852 4164 pastores
869 4067 1026 4163 eligendi
1043 4091 1156 4162 penes
1180 4067 1296 4140 eccle-

259 4191 349 4262 siam
376 4202 484 4275 csset‚
514 4186 610 4257 sicut
637 4196 717 4254 erat
743 4194 908 4277 tempore
940 4181 1217 4277 apostolorum:
1243 4182 1297 4254 sic

259 4326 403 4399 quoque
417 4303 477 4396 jus
494 4295 584 4370 illud
609 4318 721 4390 penes
750 4319 873 4390 regem
897 4309 1005 4380 esset,
1023 4294 1086 4390 qui
1102 4318 1297 4388 personum
