2926 4980
526 379 580 428 nn
601 377 805 430 crvrrurn.
1104 368 1177 433 255

142 543 319 616 Homines
337 543 470 617 divinae
486 545 672 639 potentiae,
690 545 804 616 velint
826 543 957 633 nolint,
975 543 1174 639 subjiciun-
1209 581 1389 633 mmm,

140 668 223 738 tur;
250 667 288 729 et
311 657 374 753 qui
398 658 628 730 existentiam
649 658 707 730 vel
728 657 996 754 providentiam
1013 657 1174 729 divinam
1202 665 1361 783 ff

140 793 215 842 non
228 782 442 865 agnoscent,
459 795 534 844 non
544 773 674 867 jugum
692 771 890 859 excutient,
909 771 973 843 sed
989 770 1176 866 propriam
1203 790 1357 835 cernantur

139 882 302 977 ipsorum
319 885 634 979 tranquillitatem.
687 884 855 957 Potentia
863 884 943 957 haec
953 883 1088 969 divina,
1102 907 1177 959 non

138 996 248 1069 modo
267 1020 377 1092 super
393 1021 509 1092 genus
526 997 737 1085 humanum,
756 996 950 1070 sedetiam
968 1020 1077 1093 super
1102 996 1179 1069 ani·

139 1108 249 1181 mulia
274 1121 420 1198 caetera,
447 1123 558 1205 atque
584 1109 694 1181 etiam
720 1134 829 1205 super
858 1133 916 1182 res
949 1111 1178 1200 inanimatas,

139 1222 385 1318 metaphorice
397 1233 541 1294 tantum
555 1245 708 1317 regnum
719 1223 864 1296 dicitur.
891 1224 1059 1318 Regnare
1069 1224 1178 1313 enim,

138 1336 284 1430 proprie
295 1347 440 1430 sumpto
451 1336 574 1423 verb0,
587 1344 643 1407 est
652 1335 884 1432 imperando,
895 1336 1079 1425 minando,
1084 1360 1179 1433 pro-

139 1448 316 1520 mittendo
336 1472 475 1544 regere.
541 1448 686 1521 Subditi
711 1472 798 1545 ergo
822 1449 861 1520 in
883 1473 997 1544 regno
1017 1450 1086 1522 Dei
1103 1474 1179 1522 non

139 1574 225 1633 sunt
249 1585 308 1633 res
333 1562 557 1648 inanimatae,
575 1584 694 1654 neque
721 1574 899 1634 oreaturae
924 1562 1177 1648 irrationales3

140 1674 225 1769 quia
241 1687 428 1769 praecepta
445 1673 569 1745 divina
581 1672 914 1768 nullaintelligrmt:
933 1698 1053 1769 neque
1067 1676 1177 1763 athei,

139 1798 203 1858 aut
220 1787 282 1881 qui
300 1787 486 1858 actionum
503 1786 743 1857 humanarum
763 1808 889 1858 curam
912 1787 990 1859 Deo
1008 1809 1179 1862 essenon

139 1900 370 1982 existimant3
389 1911 584 1994 propterea
601 1898 699 1993 quod
716 1899 857 1970 nullum
868 1913 1071 1994 agnoscunt
1084 1925 1178 1996 prae-

139 2025 284 2107 ceptum
309 2010 483 2084 divinum.
537 2011 609 2086 Qui
628 2035 715 2107 ergo
734 2013 890 2085 credunt
906 2014 1025 2085 Deum
1043 2037 1122 2087 esse
1140 2027 1178 2090 et

87 2174 89 2177 .
137 2127 282 2220 generis
299 2126 449 2198 humani
468 2149 593 2198 curam
611 2149 751 2220 gerere,
770 2138 807 2198 et
823 2139 1009 2222 praecepta
1024 2126 1093 2199 Dei
1114 2152 1179 2224 ag-

137 2252 307 2328 noscunt,
324 2240 364 2312 in
381 2263 495 2335 regno
513 2240 581 2311 Dei
604 2239 671 2311 soli
698 2239 794 2311 cives
821 2252 928 2322 sunt;
955 2239 1086 2334 reliqui
1110 2264 1178 2336 pro

139 2353 304 2425 hostibus
328 2353 469 2426 censeri
498 2352 628 2425 solent.
680 2353 733 2424 Ut
759 2353 840 2448 quis
868 2352 987 2424 verbis
1016 2365 1176 2448 regatur,

138 2466 337 2561 requiritur
352 2477 395 2538 ut
412 2467 524 2539 verba
539 2464 735 2560 intelligat;
763 2465 849 2560 quia
858 2464 922 2551 illi,
933 2464 1003 2536 nisi
1020 2464 1090 2537 hoc
1101 2467 1177 2552 fiat,

137 2578 236 2674 leges
253 2604 327 2652 non
346 2592 455 2663 sunt;
483 2603 567 2652 cum
590 2579 638 2651 ad
660 2578 856 2650 essentiam
878 2577 971 2673 legis
991 2578 1177 2673 ¹pertineat

136 2692 329 2788 perspicua
355 2692 614 2788 promulgatio,
634 2690 750 2785 quahs
779 2689 998 2787 ignorantiae
1028 2714 1177 2764 excusa-

137 2805 274 2877 tionem
285 2805 524 2900 peccantibus
536 2805 666 2877 tollere
679 2802 843 2875 sufficiat.
896 2803 1178 2899 Promulgantur

137 2930 261 2990 autem
277 2918 376 3014 leges
394 2918 526 2991 divinae
540 2918 657 2990 tribus
669 2916 787 2989 modis
803 2948 812 2999 ;
839 2940 970 3012 nempe
982 2942 1048 3012 per
1062 2917 1177 2990 dicta·

137 3054 222 3103 men
238 3031 398 3104 rationis
412 3032 627 3114 nataralia,·
646 3054 712 3127 per
726 3029 987 3102 revelationem
999 3058 1013 3113 ;
1038 3031 1096 3103 vel
1110 3055 1178 3127 per

136 3168 258 3216 aecem
271 3145 424 3240 alicujus
439 3145 608 3233 hominis,
622 3145 680 3217 cui
693 3144 803 3216 fidem
813 3142 911 3238 apud
921 3154 1072 3215 caeteros
1089 3143 1178 3218 fecit

137 3257 237 3330 Deus
254 3281 320 3354 per
337 3258 587 3353 operationem
603 3258 873 3330 miraculorum.
924 3255 1073 3352 Triplex
1090 3281 1178 3354 ergo

138 3369 409 3464 quodammodo
422 3370 494 3442 dici
507 3381 630 3467 potest
647 3393 725 3442 esse
742 3369 894 3441 verbum
912 3369 992 3458 Dei,
1006 3369 1178 3444 nimirum

137 3483 339 3572 rationale,
352 3483 539 3572 sensibile,
555 3495 592 3557 et
602 3482 865 3581 propheticam
878 3509 892 3564 ;
911 3482 971 3554 cui
981 3483 1179 3580 respondet

136 3596 270 3692 triplex
296 3621 412 3692 genus
436 3598 608 3670 audiendi
630 3598 759 3684 Deum,
778 3619 908 3690 nempe
932 3607 1040 3668 reeta
1061 3598 1177 3686 ratio,

136 3732 266 3780 aenaea
284 3710 601 3807 supernaturalia,
620 3709 779 3802 etficlea.
832 3709 967 3781 Sensus
981 3720 1104 3782 autem
1117 3736 1178 3783 en-

129 3821 409 3916 pernalnralie,
438 3846 522 3894 cum
547 3821 595 3895 sit
616 3822 708 3894 nihil
729 3821 828 3893 aliud
859 3845 968 3917 quam
995 3823 1176 3896 revelatio

135 3932 275 4006 homini
293 3935 469 4030 singulari
483 3935 594 4024 facta,
608 3935 710 4008 illum
724 3934 841 4008 solum
855 3935 993 4030 obligat
1007 3936 1066 4009 cui
1079 3936 1178 4010 facta

136 4058 204 4118 est.

185 4161 219 4232 A
237 4160 443 4233 differentia
460 4160 555 4232 inter
572 4159 715 4255 reliqua
731 4160 804 4234 duo
823 4160 923 4232 verbi
941 4159 1054 4232 divini
1066 4185 1178 4256 gene-

135 4297 189 4362 ra,
207 4273 398 4347 rationale
421 4284 458 4345 et
482 4273 756 4372 propheticam,
774 4274 926 4347 attribui
948 4275 1026 4347 Deo
1056 4285 1178 4371 potest
