2926 4980
516 333 569 386 DE
590 333 771 386 uomitu.
1122 323 1169 388 45

120 500 273 575 caeteris
298 500 516 575 animalibus
543 501 658 593 homo,
675 525 751 575 non
778 501 895 576 solum
924 501 1084 592 ratione,
1108 502 1173 575 sed
1215 538 1327 588 cmv

121 613 241 687 etiam
258 615 425 712 passione
442 616 526 706 hac,
540 639 649 712 quam
661 639 754 689 voco
772 615 1040 689 curiositatem.
1094 616 1173 689 Cae-
1185 621 1326 727 θῶ

121 737 208 800 tera
220 728 320 802 enim
329 728 515 819 animalia,
527 729 566 803 in
584 730 716 826 quibus
733 729 916 826 appetitus
933 729 1006 802 cibi
1019 728 1172 826 aliaeque
1184 697 1326 823 inaiuspiu

123 841 334 938 voluptates
344 842 533 916 sensuales
544 843 870 939 praedominantnr,
883 865 1075 916 causarum
1085 867 1173 940 cog·
1185 813 1326 865 mmm*

124 954 398 1028 nosceudarum
411 979 501 1028 cura
514 966 740 1051 carent,quae
750 954 864 1027 animi
875 955 1174 1051 concupiscentia

127 1065 297 1161 quaedam
311 1078 384 1157 ast,
403 1069 601 1164 conjuncta
626 1091 711 1141 cum
726 1067 915 1164 voluptate
937 1078 1115 1163 perpetua
1135 1079 1173 1142 et

127 1179 349 1276 infatigabili
364 1181 612 1276 generationis
639 1180 886 1270 scientiarum,
903 1181 1172 1254 vehementiam

127 1292 360 1389 voluptatum
377 1292 599 1366 sensualium
615 1293 765 1366 brevem
782 1293 892 1388 louge
908 1316 1096 1388 superans.

175 1407 305 1481 Metus
328 1409 579 1504 potentiarum
606 1406 855 1496 invisibilium,
880 1406 955 1479 sive
979 1406 1076 1478 fictae
1101 1406 1174 1479 illae
1280 1412 1284 1417 '

128 1520 213 1609 sint,
232 1522 313 1594 sive
330 1521 377 1594 ab
395 1521 557 1594 historiis
574 1531 736 1616 acceptae
762 1520 837 1594 sint
855 1519 1013 1616 publice,
1032 1519 1278 1617 religionum

128 1645 206 1717 est3
242 1633 275 1707 si
308 1633 456 1730 publice
497 1645 660 1731 acceptae
694 1658 769 1707 non
803 1634 888 1723 sint,
937 1633 1171 1731 superstitio.
1186 1646 1321 1704 Surenam·

128 1746 290 1821 Quando
301 1758 424 1820 autem
438 1748 613 1843 potentiae
626 1747 699 1821 illae
711 1770 839 1820 revera
848 1746 940 1820 tales
951 1758 1038 1819 sunt
1048 1747 1172 1841 quales

127 1860 351 1956 accepimns,
370 1884 461 1933 ocra
479 1860 632 1959 religio.
1185 1860 1326 1919 ΜΨ

177 1973 305 2046 Metus
335 1974 413 2046 sine
441 1975 681 2071 conceptione
707 1973 861 2069 periculi
884 1973 982 2045 unde
1007 1982 1044 2045 et
1067 1973 1173 2069 quale

128 2084 188 2170 sit,
196 2094 331 2157 terror
338 2084 524 2184 punicum
542 2086 595 2158 ita
604 2097 755 2159 vocatus
768 2110 791 2158 a
802 2086 911 2174 Pane,
923 2109 1033 2179 quem
1045 2085 1174 2158 talium
1186 2089 1267 2133 Tm
1276 2089 1327 2147 Μ

128 2211 298 2272 metuam
314 2199 508 2272 authorem
524 2197 666 2272 faciunt
678 2199 824 2272 fabulae.
876 2199 1019 2271 Revera
1036 2207 1172 2289 tamen,

130 2310 192 2406 qni
205 2310 347 2405 primm
358 2312 501 2400 metuit,
519 2311 707 2384 metuendi
725 2334 874 2383 causam
886 2310 978 2383 vidit
995 2310 1172 2405 aliquam;

129 2423 256 2497 caeteri
285 2435 409 2496 autem
438 2423 535 2497 illius
563 2423 674 2520 primi
708 2422 874 2518 exemplo
904 2422 1063 2518 fugiunt,
1094 2447 1173 2495 cre-

130 2535 261 2609 dentes
289 2542 437 2609 causam
465 2536 631 2632 fugiendi
659 2535 885 2632 fugientibus
913 2535 1057 2608 caeteris
1085 2536 1173 2608 satis

129 2672 208 2721 esse
234 2649 435 2745 cognitam.
487 2649 584 2723 Nam
609 2650 729 2745 passio
754 2650 847 2739 haec,
873 2649 946 2723 nisi
976 2649 1015 2720 in
1042 2660 1173 2721 coacta

131 2759 381 2851 multitudine,
399 2784 587 2856 nunquam
604 2762 751 2834 accidit.

180 2873 366 2948 Gaudium
382 2898 406 2947 a
422 2873 632 2970 cognitione
652 2897 759 2964 nova,
778 2874 1010 2957 admiratu·
1045 2884 1082 2946 et
1106 2875 1173 2947 ho·
1186 2899 1315 2944 sauma,

133 2987 220 3060 mini
247 2986 398 3083 propria
421 2998 491 3077 est,
518 2987 605 3083 quia
634 2988 771 3060 excitat
801 2987 1007 3083 appetitum
1031 2988 1172 3061 sciendi

132 3123 294 3173 causam.

182 3211 378 3299 Gaudium,
392 3210 492 3307 quod
504 3211 543 3283 in
555 3210 703 3283 homine
718 3211 835 3284 oritur
849 3211 896 3284 ab
910 3211 1172 3308 imaginatione
1186 3231 1268 3276 aloru·

131 3326 310 3422 potentiae
323 3335 389 3398 aut
400 3325 547 3398 virtutis
563 3325 734 3421 propriae,
749 3325 860 3398 animi
878 3325 1057 3398 exultatio
1075 3348 1174 3420 quae-

133 3439 219 3512 dam
239 3449 306 3527 est,
331 3461 441 3534 quam
467 3447 602 3511 vocant
624 3438 815 3536 gloriam:
843 3462 924 3535 quae
949 3438 979 3511 si
999 3437 1174 3510 fundetur

133 3553 173 3625 in
198 3551 424 3649 experientia
448 3551 636 3624 actionum
663 3575 822 3640 suarum,
850 3551 978 3624 eadem
1009 3561 1064 3623 est
1091 3573 1175 3622 cum

132 3664 288 3738 fidncia:
316 3664 373 3737 sin
402 3663 558 3737 fundata
588 3663 636 3736 sit
666 3664 704 3737 in
731 3664 941 3737 adulatione
971 3662 1174 3752 hominum,

133 3778 193 3851 vel
210 3802 232 3850 a
248 3779 367 3873 seipso
391 3778 479 3850 ficta
500 3790 652 3874 propter
674 3777 900 3872 voluptatem
918 3800 999 3872 quae
1023 3799 1174 3871 magnas

134 3891 297 3964 actiones
327 3890 420 3963 solet
450 3891 637 3988 consequi,
669 3890 802 3989 gloria
833 3890 956 3963 inanis
985 3890 1044 3962 vel
1078 3914 1175 3962 uana
1188 3908 1326 3954 olori-insu

136 4004 281 4077 dicitur.
334 4003 485 4076 Fiducia
506 4003 604 4077 enim
620 4003 742 4100 gignit
758 4026 993 4099 aggressum
1020 4002 1059 4074 id
1076 4002 1175 4098 quod

136 4116 254 4190 inanis
271 4114 390 4213 gloria
405 4116 609 4212 producere
626 4140 700 4189 non
718 4127 850 4213 potest.

184 4229 300 4304 Dolor
316 4240 425 4302 natus
442 4254 465 4302 a
481 4229 639 4326 propriae
661 4230 891 4326 impotentiae
908 4228 1093 4326 opinione,
1111 4229 1175 4302 de-
1189 4250 1327 4298 nemaeo·

135 4342 261 4415 missio
281 4343 396 4415 animi
413 4342 560 4417 dicitur.
