2926 4980
330 364 401 432 150
700 378 754 430 nn
774 378 981 431 crvrrnrn.

145 580 221 630 epp,
234 579 309 629 χιχ,
340 543 497 639 temptui
514 555 579 615 ant
590 542 675 615 odio
688 542 838 635 habent)
848 543 887 614 iu
904 543 1062 615 civitatis
1080 542 1379 639 opppressionem

127 663 297 788 θεῶ
339 657 491 729 tendere
508 655 703 728 verisimile
719 666 787 728 cst.
840 654 913 727 Sed
929 654 1201 728 incommodum
1214 655 1285 728 hoe
1302 677 1379 727 non

126 797 289 873 eamcam
338 771 385 843 ab
403 793 447 842 eo
465 767 641 855 nascitur,
663 766 764 863 qnod
791 791 970 839 summam
997 779 1218 863 potestatem
1243 766 1381 839 habeat

124 874 161 969 {Y
157 866 202 970 {¹:¹¹
193 862 291 970 ,ἓξὲξ
339 883 554 978 alienigena,
566 881 632 954 sed
644 881 755 953 velab
770 881 955 976 imperitia
963 881 1136 976 regentis,
1147 881 1379 953 velacontu-

125 990 458 1114 ssfflg„‚macla
482 995 616 1067 civium
642 1017 798 1089 quorum
821 991 928 1065 alteri
952 992 1152 1065 alterorum
1179 1016 1312 1081 mores,
1335 1002 1379 1064 ut

338 1132 484 1206 aequum
498 1119 564 1196 est,
582 1107 678 1180 ferre
700 1106 842 1179 nolunt.
889 1104 999 1179 uuod
1016 1105 1288 1178 incommodum
1301 1105 1379 1177 Ro-

337 1222 438 1294 mani
448 1220 536 1295 olim
549 1244 593 1292 ex
612 1219 834 1305 civitatibus
849 1241 940 1314 quas
957 1217 1026 1291 sibi
1043 1219 1284 1314 subjecerant,
1309 1217 1379 1290 im·

336 1333 530 1432 partiendo
547 1332 761 1428 alienigenis
778 1331 915 1421 multia
937 1343 976 1404 et
987 1331 1172 1405 interdum
1185 1331 1272 1405 totis
1290 1331 1380 1403 civi·

337 1449 488 1534 tatibus
503 1449 564 1542 jus
581 1445 715 1518 civium
727 1445 988 1533 Romanorum,
1006 1445 1244 1517 sustulerunt.
1273 1443 1378 1517 Idem

336 1561 446 1635 etiam
458 1571 610 1633 conatus
624 1568 690 1646 est,
702 1557 767 1630 sed
779 1556 927 1645 frustra,
938 1580 1004 1653 per
1017 1580 1215 1654 regnorum
1232 1557 1379 1652 Angliae

336 1685 375 1748 et
385 1669 1194 1766 Scotiaeunionemrexnostersapientissimus
1203 1670 1376 1743 lacobus

337 1786 447 1862 Quod
476 1785 508 1858 si
534 1784 758 1881 perfecisset,
779 1783 917 1856 bellum
937 1784 1055 1871 civile,
1067 1783 1165 1879 quod
1182 1796 1378 1881 utramque

334 1911 483 1997 gentem
507 1899 676 1972 miseram
692 1897 792 1986 facit,
815 1898 918 1971 nasci
940 1898 1103 1994 potuisse
1128 1920 1202 1970 nou
1218 1897 1376 1970 videtur.

336 2014 485 2088 Civibus
497 2035 597 2108 ergo,
613 2013 643 2084 si
653 2010 855 2085 monarcha
867 2034 1116 2084 successorem
1132 2011 1378 2107 alienigenam

336 2128 547 2217 constituat,
567 2125 738 2222 injuriam
757 2124 897 2197 nullam
921 2123 1022 2213 facit,
1042 2148 1250 2220 quanquam
1269 2124 1379 2220 culpa

335 2227 543 2337 regentium
559 2239 619 2312 vel
648 2240 811 2336 ipsomm
838 2237 974 2310 civium
991 2227 1263 2312 incommodum
1291 2236 1377 2309 inde

335 2352 531 2448 aliquando
560 2352 711 2426 oriatur.
763 2351 867 2425 Idem
892 2353 1002 2424 etiam
1020 2376 1065 2425 ex
1082 2375 1126 2426 eo
1142 2352 1377 2425 manifestum

336 2476 402 2555 est,
435 2466 534 2562 quod
567 2489 681 2562 regna
711 2465 750 2538 in
774 2465 997 2561 alienigenas
1026 2490 1094 2561 per
1117 2467 1377 2563 cognationem

336 2584 606 2672 descendentia,
625 2607 836 2679 quanquam
858 2583 986 2656 eadem
1003 2595 1203 2679 sequutura
1219 2585 1293 2657 sint
1319 2583 1377 2656 in-

336 2697 540 2785 commoda,
558 2721 625 2792 pro
648 2696 749 2770 licite
779 2696 966 2792 acquisitis
986 2696 1063 2768 sine
1087 2697 1376 2770 contradictione

334 2810 460 2882 haberi
477 2811 605 2882 solent.

719 3311 880 3385 CAPUT
904 3311 991 3385 XX.

494 3483 540 3534 DE
567 3484 721 3533 Detumo
748 3484 986 3565 PATERNOssT
1012 3484 1219 3534 DESPOTICO.

336 3613 566 3685 crvmmnu
594 3635 661 3707 per
689 3612 968 3709 acquisitionem
1001 3636 1106 3703 voco,
1134 3612 1197 3685 ubi
1232 3635 1376 3687 summa

333 3735 497 3821 potestas
522 3723 701 3819 acquisita
725 3736 782 3798 est
806 3749 873 3821 per
901 3725 987 3813 vim,
1013 3725 1066 3798 ita
1091 3737 1144 3814 ut,
1162 3725 1292 3797 mortis
1318 3726 1375 3798 vel

333 3837 562 3910 vinculorum
588 3850 701 3928 metu,
719 3839 899 3934 imperata
923 3838 1044 3911 facere
1074 3838 1182 3910 unius
1207 3861 1375 3934 personae

334 3950 410 4023 sive
436 3950 567 4046 singuli
594 3950 669 4023 sive
692 3951 901 4046 pluralitate
919 3951 1175 4048 suffragiorum
1193 3950 1317 4023 cuncti
1336 3975 1375 4024 se

333 4062 598 4157 obligaverunt.

383 4176 504 4270 Atque
522 4175 592 4247 hoc
611 4174 762 4247 dominii
786 4176 862 4247 sive
879 4198 1030 4248 summae
1047 4175 1240 4270 potestatis
1257 4198 1375 4270 genus

332 4288 377 4359 ab
413 4287 574 4383 eoquod
597 4288 640 4360 fit
665 4311 731 4383 per
757 4287 1035 4374 iustitutionem,
1064 4287 1102 4360 in
1128 4288 1199 4360 hoc
1227 4300 1371 4360 tantum
