2926 4980
309 349 379 414 364
549 361 604 414 uu
624 361 817 414 crvrraru
837 360 1102 414 canrs‘naun.

109 562 187 612 erp,
202 562 291 614 xm„
310 528 410 627 quod
436 529 675 602 resurrexerit
705 541 808 602 certo
839 529 961 602 scisse.
1013 529 1160 624 Alioqui
1191 529 1352 625 amplius

122 645 271 758 „ff
310 644 437 716 testari
463 667 538 716 non
563 655 698 739 potest,
725 667 835 740 quam
862 642 959 738 quod
985 666 1030 714 ex
1055 642 1351 716 antecessoribus

120 766 275 811 “effutiu-
309 756 384 829 suis
400 755 439 828 id
456 755 635 839 audierit;
662 779 781 851 neque
807 768 948 852 martyr
965 767 1020 828 est
1036 755 1107 828 nisi
1129 767 1349 851 martyrum,

310 869 422 943 idest
440 882 580 966 martyr
600 868 847 941 secundarius,

360 983 434 1056 Qui
462 994 585 1055 autem
615 981 663 1054 ad
682 1005 977 1078 unamquamque
1000 982 1216 1069 doctrinam,
1234 1005 1349 1079 quam

307 1097 384 1194 ipse
402 1097 448 1169 ab
465 1095 619 1168 historia
635 1095 721 1167 vitae
739 1093 887 1177 Christi,
904 1093 962 1166 vel
984 1094 1031 1166 uh
1048 1094 1140 1167 actis
1167 1109 1233 1166 aut
1250 1096 1349 1191 epis-

307 1210 390 1282 tolis
407 1208 655 1304 apostolorum
670 1205 877 1287 deduxerit;
895 1207 1020 1302 etqui,
1038 1206 1171 1302 privati
1187 1206 1349 1280 hominis

306 1321 521 1395 authoritati
539 1321 706 1409 confisus,
723 1320 823 1415 leges
841 1318 965 1391 civiles
982 1319 1116 1392 violare
1136 1344 1245 1393 ausus
1264 1320 1348 1393 fue-

307 1436 367 1524 rit,
381 1435 412 1507 is
430 1434 477 1507 ab
493 1433 632 1507 honore
650 1433 819 1529 martyris
837 1431 984 1521 Christi,
999 1446 1078 1505 tum
1090 1434 1254 1529 primarii
1265 1446 1346 1506 tum

307 1547 524 1635 secundarii,
542 1547 652 1643 longe
669 1548 783 1619 abest.
821 1546 962 1619 Unicus
979 1547 1153 1620 articulus
1170 1547 1257 1620 fidei
1274 1560 1345 1636 est,

306 1685 375 1758 pro
397 1685 469 1757 quo
491 1662 582 1733 mori
606 1660 776 1756 martyris
801 1683 934 1732 nomen
963 1661 1203 1733 honorificum
1226 1684 1345 1734 mere-

307 1787 381 1847 tur.
407 1776 472 1847 Est
489 1786 610 1846 autem
628 1775 804 1847 articulus
821 1773 893 1862 ille,
912 1772 1038 1847 lerum
1055 1798 1139 1847 esee
1153 1773 1345 1846 Christum

307 1888 345 1961 id
373 1903 440 1975 est,
459 1887 573 1975 illum,
591 1887 654 1983 qui
672 1911 738 1960 nos
756 1899 875 1959 morte
892 1910 958 1960 sua
973 1888 1140 1973 redemit,
1158 1900 1196 1959 et
1212 1899 1343 1961 ventu-

307 2026 369 2075 rus
396 2004 529 2073 iterum
555 2011 621 2091 est,
648 2013 685 2073 et
711 1999 816 2072 nobis
842 1998 880 2071 in
905 2022 1021 2096 regno
1055 1999 1194 2072 coelesti
1229 2001 1344 2074 vitam

308 2129 483 2190 aeternam
516 2127 778 2210 procuraturus
814 2125 879 2186 est.
945 2114 1015 2185 Pro
1041 2112 1141 2185 omni
1175 2111 1345 2189 doctrina

308 2254 390 2327 quse
407 2229 509 2301 lucro
532 2229 589 2300 vel
611 2228 802 2301 ambitioni
819 2226 970 2299 insertit
987 2226 1249 2316 ministrorum,
1268 2252 1344 2301 non

305 2343 505 2439 requiritur
522 2355 564 2415 ut
580 2343 797 2425 moriamur;
823 2363 943 2436 neque
961 2364 1059 2413 mors
1077 2353 1132 2413 est
1149 2364 1230 2436 quae
1247 2364 1345 2413 mar-

305 2467 436 2551 tyrem,
455 2454 493 2526 id
511 2466 567 2527 est
583 2465 726 2540 testem,
744 2452 845 2542 facit,
860 2452 925 2524 sed
938 2452 1204 2536 testimonium
1223 2477 1344 2549 neque

305 2569 343 2641 in
361 2568 485 2655 verbo,
505 2579 655 2663 martyr,
674 2566 829 2661 amplius
847 2565 1066 2654 continetur,
1081 2589 1188 2661 quam
1207 2566 1245 2638 in
1262 2591 1344 2640 ver-

305 2684 353 2754 bo
370 2681 488 2754 testis.

356 2796 549 2882 Praeterea,
567 2793 597 2865 si
620 2794 700 2888 quis
724 2793 772 2865 ad
793 2793 987 2865 articulum
1008 2793 1110 2866 illum
1140 2794 1343 2890 praedican-

307 2909 394 2980 dum
418 2909 549 2980 missus
575 2931 650 2979 non
670 2906 791 2992 fuerit,
811 2907 876 2979 sed
901 2907 1052 2980 consilio
1070 2932 1135 2980 suo
1153 2907 1254 2995 facit,
1273 2907 1343 2979 etsi

305 3022 408 3093 testis
427 3023 473 3094 sit
491 3021 627 3093 Christi
650 3021 855 3116 primarius,
875 3022 931 3093 vel
949 3022 1207 3116 apostolorum,
1235 3021 1344 3093 disci·

305 3135 486 3230 pulorum,
506 3134 563 3206 vel
587 3157 839 3206 successorum
858 3134 1001 3206 illorum
1019 3165 1027 3216 ;
1055 3158 1130 3206 uon
1147 3145 1271 3206 tamen
1295 3135 1343 3207 ob

305 3272 385 3320 eam
403 3271 480 3320 rem
499 3257 655 3319 mortem
674 3248 750 3343 pati
768 3247 967 3342 obligatum
987 3246 1083 3342 quia,
1098 3270 1166 3318 uec
1183 3260 1343 3335 vocatuS,
1435 3318 1454 3339 ,

304 3383 373 3432 uec
391 3361 520 3432 missus
532 3359 637 3443 fecit3
656 3384 737 3450 nec,
752 3361 782 3433 si
800 3361 893 3433 sorte
906 3361 1096 3456 praemium
1110 3372 1343 3456 expectatum

304 3496 379 3545 non
397 3472 591 3567 acceperit,
610 3474 786 3569 conqueri
800 3474 882 3568 jure
900 3484 1031 3568 potest.
1084 3475 1228 3570 Martyr
1245 3475 1343 3547 enim

304 3609 424 3681 neque
441 3585 550 3681 primi
570 3609 688 3680 neque
706 3586 857 3658 secundi
875 3587 1011 3681 gradus
1025 3610 1102 3659 esse
1119 3600 1253 3683 potest,
1272 3589 1343 3661 nisi

304 3697 352 3770 ad
377 3697 653 3794 praedicandum
681 3700 866 3772 Christum
892 3700 1155 3773 authoritatem
1182 3711 1343 3796 potesta-

305 3823 453 3906 temque
483 3811 685 3907 legitimam
712 3813 858 3900 habeat,
879 3825 923 3885 ut
949 3814 1085 3887 hahent
1106 3814 1168 3910 qui
1189 3814 1235 3886 ad
1257 3838 1344 3887 con·

306 3923 499 3997 vertendas
516 3936 646 4019 gentes
663 3925 827 3997 infideles
851 3926 949 3997 mitti
977 3926 1108 3999 solent.
1172 3926 1267 3999 Nam
1285 3927 1343 4015 iis,

306 4037 368 4132 qui
382 4038 459 4131 jam
476 4037 711 4124 crediderint,
726 4049 821 4111 teste
839 4062 930 4133 opus
947 4061 1022 4110 non
1039 4051 1108 4128 est,
1120 4038 1185 4111 sed
1202 4039 1272 4112 illis
1287 4063 1344 4111 so

304 4148 349 4222 lis
364 4151 426 4245 qui
440 4163 590 4245 negant,
609 4151 791 4241 dubitant,
809 4151 868 4223 vel
879 4175 953 4223 non
968 4152 1175 4225 audierunt.
1226 4154 1343 4248 Apos-

306 4262 400 4335 tolos
432 4262 700 4359 discipulosque
730 4286 815 4337 suos
846 4263 892 4336 ad
926 4264 1199 4359 praedicandum
1234 4289 1344 4338 evan-
