2926 4980
145 562 221 615 ΟΑΡ.
234 563 320 614 XXX.

159 645 301 679 »ar—u

148 706 259 751 DeofficIo
268 722 327 751 sum·

147 772 317 830 miImperanfir.

343 351 415 419 246
725 367 778 418 on
798 368 1004 419 crvrrarn.

344 542 466 605 tentos
482 532 589 605 facit:
617 547 655 605 et
673 533 736 622 illi,
755 557 845 629 quos
861 544 926 606 aut
942 532 1177 621 abundantia,
1195 543 1259 604 aut
1275 532 1381 628 igna-

343 645 404 718 via
419 647 477 719 veI
494 645 637 719 luxuria
653 648 898 742 voluptatibus
913 648 988 720 suis
1006 647 1170 736 tradidit,
1185 648 1285 741 (quae
1304 646 1380 720 duo

344 758 533 831 hominurn
547 782 684 854 genera
699 758 894 831 maximam
912 770 1053 854 partem
1074 759 1215 831 faciunt
1231 759 1381 854 generis

344 871 524 965 humani),
544 896 628 943 cum
646 895 763 966 neque
781 872 898 944 otium
916 895 1035 975 neque
1055 871 1283 943 voluntatem
1300 895 1380 944 me-

345 985 485 1058 ditandi
499 985 669 1074 habeant,
687 986 889 1058 officiorum
906 1009 1054 1058 suorum
1071 985 1215 1080 regulas
1233 1009 1256 1056 a
1272 982 1380 1057 theo-

343 1099 436 1194 logis
449 1097 604 1194 publice,
622 1111 686 1170 aut
698 1097 869 1193 privatim
886 1100 932 1170 ab
949 1098 994 1170 iis
1007 1098 1204 1193 accipiunt,
1223 1120 1313 1191 quos
1331 1097 1380 1169 de

343 1211 512 1285 doctrina
539 1211 662 1307 legum
688 1222 725 1284 et
750 1211 892 1284 casibus
915 1211 1150 1284 conscientiae
1168 1210 1382 1283 concionari

344 1339 382 1399 et
415 1325 600 1421 disputare
634 1324 926 1420 eloquentissime
960 1325 1124 1397 audiunt.
1198 1323 1380 1419 Theologi

344 1451 468 1512 autem
485 1450 522 1511 et
539 1438 601 1533 qui
625 1437 750 1510 literas
776 1439 1007 1534 profitentur,
1026 1437 1212 1509 doctrinas
1230 1460 1313 1510 snas
1331 1438 1378 1510 ab

343 1552 641 1626 universitatibus
658 1561 696 1624 et
707 1550 839 1624 scholis
856 1551 978 1646 legum
996 1550 1155 1623 civilium
1169 1560 1262 1622 etex
1275 1549 1380 1622 libris

344 1692 367 1741 a
391 1666 602 1739 doctoribus
627 1665 698 1738 illis
723 1665 830 1737 editis
857 1676 1088 1760 acceperunt.
1140 1662 1380 1735 Manifestum

345 1805 432 1876 ergo
449 1791 504 1853 est
520 1780 646 1876 populi
673 1778 949 1851 instructionem
971 1777 1174 1872 dependere
1192 1800 1339 1848 omnem
1356 1800 1381 1848 a

343 1893 563 1967 rectitudine
592 1892 817 1988 opinionum,
837 1916 926 1987 quas
953 1891 1086 1963 docent
1108 1890 1378 1963 universitates,

344 2008 442 2079 Ante
459 2004 582 2078 omnia
598 2028 685 2100 ergo
703 2004 773 2076 illae
785 2003 1026 2076 reformandae
1044 2013 1140 2076 sunt.
1193 2003 1294 2077 Quid
1313 2028 1379 2076 au-

345 2130 432 2209 tem,
450 2118 591 2215 inquiet
608 2117 749 2213 aliquis,
764 2117 986 2191 docendaene
1001 2128 1087 2190 sunt
1103 2117 1378 2190 universitates?

344 2233 393 2305 Et
418 2231 597 2326 siquidem
622 2229 796 2303 docendae
814 2242 911 2319 sunt,
928 2241 1015 2302 tunc
1033 2230 1063 2302 is
1081 2254 1119 2302 es
1137 2230 1200 2325 qui
1213 2230 1293 2302 illas
1312 2230 1379 2303 do-

346 2344 453 2418 ceas?
496 2343 727 2418 Quaestiones
744 2344 920 2416 molesta.
973 2343 1046 2415 Sed
1063 2342 1110 2414 ad
1129 2343 1285 2439 primam
1301 2367 1379 2416 res-

345 2457 501 2555 pondeo.
566 2457 663 2529 Ante
696 2467 863 2553 tempora
895 2456 992 2552 regis
1027 2455 1181 2528 Henrici
1210 2457 1312 2545 VIII,
1340 2458 1378 2530 in

346 2571 546 2667 quaestione
564 2569 609 2641 de
636 2580 816 2663 potestate
841 2568 1031 2666 pontificia
1059 2568 1097 2639 in
1125 2592 1228 2664 reges
1255 2569 1378 2642 Chris-

346 2686 476 2770 tianos,
503 2707 586 2755 cum
612 2692 832 2777 potestatem
859 2681 977 2776 Papae,
1004 2681 1042 2752 in
1066 2679 1194 2752 ordine
1211 2682 1259 2754 ad
1275 2683 1379 2777 spiri-

347 2797 471 2884 tualia,
489 2820 666 2868 summam
691 2796 729 2866 in
756 2794 889 2890 Anglia
914 2819 992 2867 esse
1011 2794 1215 2867 docuerunt
1232 2796 1378 2868 univer-

347 2910 473 2983 sitates
490 2933 636 2991 omnes;
663 2919 810 2981 rectene
829 2906 1060 2980 docuerunt?
1087 2908 1260 3004 Negabis.
1304 2910 1378 2982 Do-

348 3023 422 3094 ceri
449 3045 537 3116 ergo
560 3030 723 3115 potuere.
776 3020 937 3092 Ministri
963 3020 1015 3091 illi
1044 3022 1117 3116 qui,
1148 3046 1282 3117 magno
1310 3047 1378 3094 nu-

347 3160 460 3225 mero,
495 3133 729 3206 concionibus
762 3133 835 3205 suis
878 3145 1006 3205 contra
1041 3158 1165 3229 regem
1200 3135 1378 3230 optimum

347 3251 521 3346 populum
550 3247 827 3343 instigaverunt,
854 3247 951 3319 unde
978 3247 1162 3321 doctrinas
1182 3274 1265 3322 suas
1283 3250 1378 3322 sedi-

349 3362 460 3435 tiosas
477 3362 514 3434 in
531 3360 673 3458 pulpita
689 3361 903 3450 attulerunt,
922 3361 1020 3433 uude
1038 3362 1230 3436 doctorum
1248 3375 1284 3436 et
1300 3389 1378 3436 ma-

348 3477 547 3571 gistrorum
568 3474 706 3562 titulos,
727 3473 766 3545 id
784 3486 839 3546 est
856 3474 1129 3565 authoritatem,
1148 3478 1245 3572 apud
1261 3503 1378 3574 popu-

347 3591 425 3662 lum
441 3587 689 3674 obtinuerunt,
707 3585 776 3657 nisi
794 3586 839 3658 ab
856 3585 1181 3661 universitatibus?
1217 3591 1379 3663 Rectene

349 3702 446 3774 hoc?
473 3701 645 3797 Negabis.
682 3700 814 3772 Doceri
832 3723 918 3794 ergo
935 3712 1146 3795 potuerunt.
1190 3704 1248 3776 Ad
1262 3728 1378 3799 quaes-

349 3817 486 3888 tionem
511 3813 708 3886 secuudam
733 3813 952 3908 respondere
975 3838 1048 3886 non
1067 3826 1122 3888 est
1138 3840 1283 3899 meum;
1310 3842 1379 3891 nec

349 3940 391 4002 ut
424 3926 663 4022 respondeam
697 3950 787 4021 opus
819 3936 884 3998 est.
953 3925 1049 3998 Nam
1078 3929 1141 4024 qui
1173 3929 1263 4024 legit
1298 3955 1380 4025 quae

350 4043 482 4129 scribo,
500 4039 606 4112 facile
623 4039 805 4135 intelligat
819 4064 901 4135 quae
918 4040 1047 4113 sentio.

400 4157 584 4227 Summam
602 4152 768 4224 habentis
785 4163 1003 4247 potestatem
1026 4153 1183 4226 officium
1203 4168 1380 4249 praeterea

350 4280 403 4341 est
424 4265 615 4363 providere
635 4277 677 4337 ut
700 4289 831 4360 poenae,
855 4289 936 4360 quae
960 4290 1025 4361 per
1046 4267 1146 4362 leges
1170 4267 1378 4340 constitutae
