<?xml version="1.0" encoding="UTF-8"?>
<!DOCTYPE html PUBLIC "-//W3C//DTD XHTML 1.0 Transitional//EN"
    "http://www.w3.org/TR/xhtml1/DTD/xhtml1-transitional.dtd">
<html xmlns="http://www.w3.org/1999/xhtml" xml:lang="en" lang="en">
 <head>
  <title>
</title>
<meta http-equiv="Content-Type" content="text/html;charset=utf-8" />
  <meta name='ocr-system' content='tesseract 3.04.00' />
  <meta name='ocr-capabilities' content='ocr_page ocr_carea ocr_par ocr_line ocrx_word'/>
</head>
<body>
  <div class='ocr_page' id='page_1' title='image "./thomhobbesmalme02hobbgoog_0205.png"; bbox 0 0 2926 4980; ppageno 0'>
   <div class='ocr_carea' id='block_1_1' title="bbox 323 364 972 434">
    <p class='ocr_par' dir='ltr' id='par_1_1' title="bbox 323 364 972 434">
     <span class='ocr_line' id='line_1_1' title="bbox 323 364 972 434; baseline 0.008 -5"><span class='ocrx_word' id='word_1_1' title='bbox 323 364 392 429; x_wconf 80' lang='lat'>192</span> <span class='ocrx_word' id='word_1_2' title='bbox 694 380 972 434; x_wconf 77' lang='lat' dir='ltr'>nucrvrrnrn.</span> 
     </span>
    </p>
   </div>
   <div class='ocr_carea' id='block_1_2' title="bbox 115 544 1364 643">
    <p class='ocr_par' dir='ltr' id='par_1_2' title="bbox 115 544 1364 643">
     <span class='ocr_line' id='line_1_2' title="bbox 115 544 1364 643; baseline 0.002 -23"><span class='ocrx_word' id='word_1_3' title='bbox 115 571 194 622; x_wconf 77' lang='lat' dir='ltr'>cre.</span> <span class='ocrx_word' id='word_1_4' title='bbox 207 572 291 624; x_wconf 81' lang='lat' dir='ltr'><strong>xxv.</strong></span> <span class='ocrx_word' id='word_1_5' title='bbox 319 544 506 640; x_wconf 89' lang='lat' dir='ltr'>exemplis,</span> <span class='ocrx_word' id='word_1_6' title='bbox 523 545 759 642; x_wconf 74' lang='lat' dir='ltr'>metaphoriS,</span> <span class='ocrx_word' id='word_1_7' title='bbox 781 546 936 643; x_wconf 92' lang='lat' dir='ltr'>aliisque</span> <span class='ocrx_word' id='word_1_8' title='bbox 953 546 1042 619; x_wconf 89' lang='lat' dir='ltr'>artis</span> <span class='ocrx_word' id='word_1_9' title='bbox 1067 547 1241 621; x_wconf 86' lang='lat' dir='ltr'>oratoriae</span> <span class='ocrx_word' id='word_1_10' title='bbox 1258 560 1364 622; x_wconf 84' lang='lat' dir='ltr'>nten-</span> 
     </span>
    </p>
   </div>
   <div class='ocr_carea' id='block_1_3' title="bbox 135 655 277 688">
    <p class='ocr_par' dir='ltr' id='par_1_3' title="bbox 135 655 277 688">
     <span class='ocr_line' id='line_1_3' title="bbox 135 655 277 688; baseline 0 0"><span class='ocrx_word' id='word_1_11' title='bbox 135 655 277 688; x_wconf 50' lang='lat' dir='ltr'>*ne-r</span> 
     </span>
    </p>
   </div>
   <div class='ocr_carea' id='block_1_4' title="bbox 136 725 275 771">
    <p class='ocr_par' dir='ltr' id='par_1_4' title="bbox 136 725 275 771">
     <span class='ocr_line' id='line_1_4' title="bbox 136 725 275 771; baseline 0.014 -3"><span class='ocrx_word' id='word_1_12' title='bbox 136 725 169 769; x_wconf 86' lang='lat' dir='ltr'>De</span> <span class='ocrx_word' id='word_1_13' title='bbox 179 725 275 771; x_wconf 79' lang='lat' dir='ltr'>consiho.</span> 
     </span>
    </p>
   </div>
   <div class='ocr_carea' id='block_1_5' title="bbox 319 656 1364 4382">
    <p class='ocr_par' dir='ltr' id='par_1_5' title="bbox 320 656 458 730">
     <span class='ocr_line' id='line_1_5' title="bbox 320 656 458 730; baseline 0 -1"><span class='ocrx_word' id='word_1_14' title='bbox 320 656 458 730; x_wconf 87' lang='lat' dir='ltr'>silibus.</span> 
     </span>
    </p>

    <p class='ocr_par' dir='ltr' id='par_1_6' title="bbox 319 770 1364 1206">
     <span class='ocr_line' id='line_1_6' title="bbox 370 770 1364 867; baseline 0.006 -25"><span class='ocrx_word' id='word_1_15' title='bbox 370 770 527 843; x_wconf 85' lang='lat' dir='ltr'>Constat</span> <span class='ocrx_word' id='word_1_16' title='bbox 538 794 626 867; x_wconf 81' lang='lat' dir='ltr'>ergo</span> <span class='ocrx_word' id='word_1_17' title='bbox 637 772 866 846; x_wconf 82' lang='lat' dir='ltr'><strong>hortationes</strong></span> <span class='ocrx_word' id='word_1_18' title='bbox 877 786 915 847; x_wconf 92' lang='lat' dir='ltr'>et</span> <span class='ocrx_word' id='word_1_19' title='bbox 926 774 1201 847; x_wconf 83' lang='lat' dir='ltr'>dehortationes</span> <span class='ocrx_word' id='word_1_20' title='bbox 1214 773 1262 847; x_wconf 90' lang='lat' dir='ltr'>ad</span> <span class='ocrx_word' id='word_1_21' title='bbox 1277 776 1364 849; x_wconf 92' lang='lat' dir='ltr'>hor-</span> 
     </span>
     <span class='ocr_line' id='line_1_7' title="bbox 319 883 1363 984; baseline 0.006 -29"><span class='ocrx_word' id='word_1_22' title='bbox 319 883 432 956; x_wconf 88' lang='lat' dir='ltr'>tantis</span> <span class='ocrx_word' id='word_1_23' title='bbox 450 895 488 956; x_wconf 91' lang='lat' dir='ltr'>et</span> <span class='ocrx_word' id='word_1_24' title='bbox 503 884 732 959; x_wconf 88' lang='lat' dir='ltr'>dehortantis</span> <span class='ocrx_word' id='word_1_25' title='bbox 745 887 882 959; x_wconf 91' lang='lat' dir='ltr'>bonum</span> <span class='ocrx_word' id='word_1_26' title='bbox 893 888 1061 961; x_wconf 90' lang='lat' dir='ltr'>nonnihil</span> <span class='ocrx_word' id='word_1_27' title='bbox 1073 888 1266 984; x_wconf 86' lang='lat' dir='ltr'><strong>respicere,</strong></span> <span class='ocrx_word' id='word_1_28' title='bbox 1278 913 1363 961; x_wconf 87' lang='lat' dir='ltr'>enm</span> 
     </span>
     <span class='ocr_line' id='line_1_8' title="bbox 319 995 1363 1096; baseline 0.007 -28"><span class='ocrx_word' id='word_1_29' title='bbox 319 995 487 1070; x_wconf 92' lang='lat' dir='ltr'>homines</span> <span class='ocrx_word' id='word_1_30' title='bbox 518 997 555 1070; x_wconf 92' lang='lat' dir='ltr'>in</span> <span class='ocrx_word' id='word_1_31' title='bbox 583 998 658 1070; x_wconf 89' lang='lat' dir='ltr'>suis</span> <span class='ocrx_word' id='word_1_32' title='bbox 683 999 900 1096; x_wconf 89' lang='lat' dir='ltr'>plerumque</span> <span class='ocrx_word' id='word_1_33' title='bbox 925 1001 1035 1074; x_wconf 90' lang='lat' dir='ltr'>rebus</span> <span class='ocrx_word' id='word_1_34' title='bbox 1068 1002 1363 1075; x_wconf 85' lang='lat' dir='ltr'>vehementiores</span> 
     </span>
     <span class='ocr_line' id='line_1_9' title="bbox 320 1110 744 1206; baseline 0.009 -25"><span class='ocrx_word' id='word_1_35' title='bbox 320 1110 406 1198; x_wconf 88' lang='lat' dir='ltr'>sint,</span> <span class='ocrx_word' id='word_1_36' title='bbox 421 1135 530 1206; x_wconf 88' lang='lat' dir='ltr'>quam</span> <span class='ocrx_word' id='word_1_37' title='bbox 548 1111 586 1183; x_wconf 90' lang='lat' dir='ltr'>in</span> <span class='ocrx_word' id='word_1_38' title='bbox 604 1112 744 1185; x_wconf 76' lang='lat' dir='ltr'>alienis</span> 
     </span>
    </p>

    <p class='ocr_par' dir='ltr' id='par_1_7' title="bbox 320 1225 1363 1774">
     <span class='ocr_line' id='line_1_10' title="bbox 371 1225 1362 1301; baseline 0.005 -5"><span class='ocrx_word' id='word_1_39' title='bbox 371 1225 612 1299; x_wconf 90' lang='lat' dir='ltr'>Hortationes</span> <span class='ocrx_word' id='word_1_40' title='bbox 630 1238 666 1298; x_wconf 90' lang='lat' dir='ltr'>et</span> <span class='ocrx_word' id='word_1_41' title='bbox 684 1227 959 1300; x_wconf 81' lang='lat' dir='ltr'>dehortationes</span> <span class='ocrx_word' id='word_1_42' title='bbox 977 1227 1015 1300; x_wconf 90' lang='lat' dir='ltr'>in</span> <span class='ocrx_word' id='word_1_43' title='bbox 1033 1227 1268 1300; x_wconf 89' lang='lat' dir='ltr'>multitudine</span> <span class='ocrx_word' id='word_1_44' title='bbox 1280 1239 1362 1301; x_wconf 89' lang='lat' dir='ltr'>tan·</span> 
     </span>
     <span class='ocr_line' id='line_1_11' title="bbox 321 1338 1363 1435; baseline 0.005 -27"><span class='ocrx_word' id='word_1_45' title='bbox 321 1346 399 1409; x_wconf 91' lang='lat' dir='ltr'>tum</span> <span class='ocrx_word' id='word_1_46' title='bbox 418 1338 583 1411; x_wconf 85' lang='lat' dir='ltr'>efficaces</span> <span class='ocrx_word' id='word_1_47' title='bbox 600 1349 696 1411; x_wconf 87' lang='lat' dir='ltr'>sunt.</span> <span class='ocrx_word' id='word_1_48' title='bbox 730 1338 804 1412; x_wconf 90' lang='lat' dir='ltr'>Ubi</span> <span class='ocrx_word' id='word_1_49' title='bbox 822 1341 919 1410; x_wconf 93' lang='lat' dir='ltr'>enim</span> <span class='ocrx_word' id='word_1_50' title='bbox 933 1339 1122 1412; x_wconf 91' lang='lat' dir='ltr'>hominem</span> <span class='ocrx_word' id='word_1_51' title='bbox 1139 1339 1363 1435; x_wconf 84' lang='lat' dir='ltr'>singularem</span> 
     </span>
     <span class='ocr_line' id='line_1_12' title="bbox 320 1450 1363 1549; baseline 0.002 -27"><span class='ocrx_word' id='word_1_52' title='bbox 320 1450 520 1547; x_wconf 86' lang='lat' dir='ltr'>alloquitur</span> <span class='ocrx_word' id='word_1_53' title='bbox 545 1451 690 1546; x_wconf 90' lang='lat' dir='ltr'>aliquis,</span> <span class='ocrx_word' id='word_1_54' title='bbox 709 1475 961 1548; x_wconf 86' lang='lat' dir='ltr'>saepenumero</span> <span class='ocrx_word' id='word_1_55' title='bbox 986 1453 1290 1549; x_wconf 88' lang='lat' dir='ltr'>interrumpitur;</span> <span class='ocrx_word' id='word_1_56' title='bbox 1317 1477 1363 1526; x_wconf 83' lang='lat' dir='ltr'>ex</span> 
     </span>
     <span class='ocr_line' id='line_1_13' title="bbox 320 1565 1363 1662; baseline 0.003 -25"><span class='ocrx_word' id='word_1_57' title='bbox 320 1565 487 1637; x_wconf 90' lang='lat' dir='ltr'>oratione</span> <span class='ocrx_word' id='word_1_58' title='bbox 515 1565 696 1660; x_wconf 80' lang='lat' dir='ltr'>perpetuo</span> <span class='ocrx_word' id='word_1_59' title='bbox 728 1567 771 1638; x_wconf 88' lang='lat' dir='ltr'>fit</span> <span class='ocrx_word' id='word_1_60' title='bbox 801 1565 989 1662; x_wconf 79' lang='lat' dir='ltr'>dialogus3</span> <span class='ocrx_word' id='word_1_61' title='bbox 1020 1567 1182 1639; x_wconf 90' lang='lat' dir='ltr'>rationes</span> <span class='ocrx_word' id='word_1_62' title='bbox 1208 1566 1363 1662; x_wconf 86' lang='lat' dir='ltr'>rigidius</span> 
     </span>
     <span class='ocr_line' id='line_1_14' title="bbox 320 1678 862 1774; baseline 0.002 -24"><span class='ocrx_word' id='word_1_63' title='bbox 320 1679 551 1774; x_wconf 88' lang='lat' dir='ltr'>pensitantur</span> <span class='ocrx_word' id='word_1_64' title='bbox 570 1702 680 1774; x_wconf 89' lang='lat' dir='ltr'>qnam</span> <span class='ocrx_word' id='word_1_65' title='bbox 698 1678 737 1750; x_wconf 91' lang='lat' dir='ltr'>in</span> <span class='ocrx_word' id='word_1_66' title='bbox 751 1691 862 1752; x_wconf 87' lang='lat' dir='ltr'>coetu.</span> 
     </span>
    </p>

    <p class='ocr_par' dir='ltr' id='par_1_8' title="bbox 319 1791 1362 3247">
     <span class='ocr_line' id='line_1_15' title="bbox 371 1791 1362 1887; baseline 0.002 -23"><span class='ocrx_word' id='word_1_67' title='bbox 371 1791 515 1864; x_wconf 87' lang='lat' dir='ltr'>Petenti</span> <span class='ocrx_word' id='word_1_68' title='bbox 533 1791 726 1864; x_wconf 89' lang='lat' dir='ltr'>consilium</span> <span class='ocrx_word' id='word_1_69' title='bbox 745 1792 775 1864; x_wconf 93' lang='lat' dir='ltr'>is</span> <span class='ocrx_word' id='word_1_70' title='bbox 795 1792 858 1887; x_wconf 91' lang='lat' dir='ltr'>qui</span> <span class='ocrx_word' id='word_1_71' title='bbox 876 1792 1124 1865; x_wconf 86' lang='lat' dir='ltr'>hortationem</span> <span class='ocrx_word' id='word_1_72' title='bbox 1140 1794 1259 1882; x_wconf 86' lang='lat' dir='ltr'>offert,</span> <span class='ocrx_word' id='word_1_73' title='bbox 1274 1818 1362 1866; x_wconf 90' lang='lat' dir='ltr'>con-</span> 
     </span>
     <span class='ocr_line' id='line_1_16' title="bbox 320 1904 1361 2003; baseline 0.004 -26"><span class='ocrx_word' id='word_1_74' title='bbox 320 1904 477 1977; x_wconf 91' lang='lat' dir='ltr'>siliarius</span> <span class='ocrx_word' id='word_1_75' title='bbox 493 1905 610 1977; x_wconf 89' lang='lat' dir='ltr'>bonus</span> <span class='ocrx_word' id='word_1_76' title='bbox 627 1928 701 1977; x_wconf 92' lang='lat' dir='ltr'>non</span> <span class='ocrx_word' id='word_1_77' title='bbox 725 1918 792 1978; x_wconf 91' lang='lat' dir='ltr'>est.</span> <span class='ocrx_word' id='word_1_78' title='bbox 845 1906 1102 2003; x_wconf 87' lang='lat' dir='ltr'>Corrumpitur</span> <span class='ocrx_word' id='word_1_79' title='bbox 1127 1907 1225 1980; x_wconf 91' lang='lat' dir='ltr'>enim</span> <span class='ocrx_word' id='word_1_80' title='bbox 1251 1931 1274 1980; x_wconf 90' lang='lat' dir='ltr'>a</span> <span class='ocrx_word' id='word_1_81' title='bbox 1299 1933 1361 1981; x_wconf 91' lang='lat' dir='ltr'>cn-</span> 
     </span>
     <span class='ocr_line' id='line_1_17' title="bbox 319 2016 1361 2116; baseline 0.005 -28"><span class='ocrx_word' id='word_1_82' title='bbox 319 2016 475 2113; x_wconf 87' lang='lat' dir='ltr'>piditate</span> <span class='ocrx_word' id='word_1_83' title='bbox 493 2017 566 2102; x_wconf 89' lang='lat' dir='ltr'>illa,</span> <span class='ocrx_word' id='word_1_84' title='bbox 585 2042 812 2116; x_wconf 86' lang='lat' dir='ltr'>quaecunque</span> <span class='ocrx_word' id='word_1_85' title='bbox 831 2043 874 2092; x_wconf 87' lang='lat' dir='ltr'>ea</span> <span class='ocrx_word' id='word_1_86' title='bbox 890 2019 972 2107; x_wconf 88' lang='lat' dir='ltr'>fuit,</span> <span class='ocrx_word' id='word_1_87' title='bbox 992 2044 1074 2116; x_wconf 91' lang='lat' dir='ltr'>qnae</span> <span class='ocrx_word' id='word_1_88' title='bbox 1091 2021 1361 2094; x_wconf 87' lang='lat' dir='ltr'>vehementiam</span> 
     </span>
     <span class='ocr_line' id='line_1_18' title="bbox 320 2130 1361 2228; baseline 0.007 -28"><span class='ocrx_word' id='word_1_89' title='bbox 320 2141 358 2200; x_wconf 89' lang='lat' dir='ltr'>et</span> <span class='ocrx_word' id='word_1_90' title='bbox 375 2130 569 2203; x_wconf 83' lang='lat' dir='ltr'>artificium</span> <span class='ocrx_word' id='word_1_91' title='bbox 593 2131 632 2203; x_wconf 93' lang='lat' dir='ltr'>in</span> <span class='ocrx_word' id='word_1_92' title='bbox 657 2133 861 2205; x_wconf 90' lang='lat' dir='ltr'>orationem</span> <span class='ocrx_word' id='word_1_93' title='bbox 888 2132 1035 2216; x_wconf 90' lang='lat' dir='ltr'>intulit;</span> <span class='ocrx_word' id='word_1_94' title='bbox 1063 2133 1195 2228; x_wconf 91' lang='lat' dir='ltr'>quibus</span> <span class='ocrx_word' id='word_1_95' title='bbox 1222 2134 1361 2207; x_wconf 87' lang='lat' dir='ltr'>factum</span> 
     </span>
     <span class='ocr_line' id='line_1_19' title="bbox 320 2245 1360 2344; baseline 0.007 -30"><span class='ocrx_word' id='word_1_96' title='bbox 320 2254 388 2332; x_wconf 90' lang='lat' dir='ltr'>est,</span> <span class='ocrx_word' id='word_1_97' title='bbox 422 2253 463 2316; x_wconf 93' lang='lat' dir='ltr'>ut</span> <span class='ocrx_word' id='word_1_98' title='bbox 491 2267 699 2341; x_wconf 90' lang='lat' dir='ltr'>quanquam</span> <span class='ocrx_word' id='word_1_99' title='bbox 734 2245 927 2317; x_wconf 91' lang='lat' dir='ltr'>consilium</span> <span class='ocrx_word' id='word_1_100' title='bbox 957 2246 1094 2317; x_wconf 89' lang='lat' dir='ltr'>bonum</span> <span class='ocrx_word' id='word_1_101' title='bbox 1128 2246 1253 2336; x_wconf 87' lang='lat' dir='ltr'>fuerit,</span> <span class='ocrx_word' id='word_1_102' title='bbox 1284 2248 1360 2344; x_wconf 90' lang='lat' dir='ltr'>ipse</span> 
     </span>
     <span class='ocr_line' id='line_1_20' title="bbox 320 2358 1360 2456; baseline 0.005 -27"><span class='ocrx_word' id='word_1_103' title='bbox 320 2367 444 2430; x_wconf 90' lang='lat' dir='ltr'>tamen</span> <span class='ocrx_word' id='word_1_104' title='bbox 461 2358 579 2430; x_wconf 88' lang='lat' dir='ltr'>bonus</span> <span class='ocrx_word' id='word_1_105' title='bbox 598 2358 824 2431; x_wconf 88' lang='lat' dir='ltr'>consiliarius</span> <span class='ocrx_word' id='word_1_106' title='bbox 841 2382 917 2431; x_wconf 93' lang='lat' dir='ltr'>non</span> <span class='ocrx_word' id='word_1_107' title='bbox 935 2358 994 2447; x_wconf 90' lang='lat' dir='ltr'>sit,</span> <span class='ocrx_word' id='word_1_108' title='bbox 1010 2359 1079 2432; x_wconf 92' lang='lat' dir='ltr'>nisi</span> <span class='ocrx_word' id='word_1_109' title='bbox 1097 2359 1208 2432; x_wconf 87' lang='lat' dir='ltr'>etiam</span> <span class='ocrx_word' id='word_1_110' title='bbox 1220 2360 1283 2456; x_wconf 92' lang='lat' dir='ltr'>qui</span> <span class='ocrx_word' id='word_1_111' title='bbox 1300 2385 1360 2434; x_wconf 88' lang='lat' dir='ltr'>ac-</span> 
     </span>
     <span class='ocr_line' id='line_1_21' title="bbox 320 2471 1360 2568; baseline 0.004 -25"><span class='ocrx_word' id='word_1_112' title='bbox 320 2482 429 2567; x_wconf 90' lang='lat' dir='ltr'>cepto</span> <span class='ocrx_word' id='word_1_113' title='bbox 449 2471 546 2543; x_wconf 92' lang='lat' dir='ltr'>dono</span> <span class='ocrx_word' id='word_1_114' title='bbox 557 2473 656 2567; x_wconf 86' lang='lat' dir='ltr'>juste</span> <span class='ocrx_word' id='word_1_115' title='bbox 667 2472 900 2568; x_wconf 86' lang='lat' dir='ltr'>judicaverit,</span> <span class='ocrx_word' id='word_1_116' title='bbox 911 2473 1031 2545; x_wconf 91' lang='lat' dir='ltr'>bonus</span> <span class='ocrx_word' id='word_1_117' title='bbox 1045 2473 1091 2546; x_wconf 87' lang='lat' dir='ltr'>sit</span> <span class='ocrx_word' id='word_1_118' title='bbox 1105 2473 1232 2568; x_wconf 85' lang='lat' dir='ltr'>judex.</span> <span class='ocrx_word' id='word_1_119' title='bbox 1261 2473 1360 2546; x_wconf 92' lang='lat' dir='ltr'>Illius</span> 
     </span>
     <span class='ocr_line' id='line_1_22' title="bbox 319 2585 1359 2682; baseline 0.002 -26"><span class='ocrx_word' id='word_1_120' title='bbox 319 2595 453 2672; x_wconf 90' lang='lat' dir='ltr'>autem,</span> <span class='ocrx_word' id='word_1_121' title='bbox 469 2585 532 2681; x_wconf 90' lang='lat' dir='ltr'>qui</span> <span class='ocrx_word' id='word_1_122' title='bbox 542 2587 625 2682; x_wconf 90' lang='lat' dir='ltr'>jure</span> <span class='ocrx_word' id='word_1_123' title='bbox 643 2586 810 2681; x_wconf 90' lang='lat' dir='ltr'>imperat,</span> <span class='ocrx_word' id='word_1_124' title='bbox 824 2598 866 2658; x_wconf 93' lang='lat' dir='ltr'>ut</span> <span class='ocrx_word' id='word_1_125' title='bbox 881 2586 918 2657; x_wconf 91' lang='lat' dir='ltr'>in</span> <span class='ocrx_word' id='word_1_126' title='bbox 935 2586 1074 2658; x_wconf 84' lang='lat' dir='ltr'>familia</span> <span class='ocrx_word' id='word_1_127' title='bbox 1086 2585 1359 2682; x_wconf 74' lang='lat' dir='ltr'>paterfamiliae,</span> 
     </span>
     <span class='ocr_line' id='line_1_23' title="bbox 319 2698 1360 2794; baseline 0.005 -26"><span class='ocrx_word' id='word_1_128' title='bbox 319 2698 358 2769; x_wconf 90' lang='lat' dir='ltr'>in</span> <span class='ocrx_word' id='word_1_129' title='bbox 376 2699 540 2771; x_wconf 86' lang='lat' dir='ltr'>exercitu</span> <span class='ocrx_word' id='word_1_130' title='bbox 565 2698 651 2789; x_wconf 88' lang='lat' dir='ltr'>dux,</span> <span class='ocrx_word' id='word_1_131' title='bbox 669 2700 896 2772; x_wconf 81' lang='lat' dir='ltr'>hortationes</span> <span class='ocrx_word' id='word_1_132' title='bbox 922 2698 1120 2794; x_wconf 89' lang='lat' dir='ltr'>aliqnando</span> <span class='ocrx_word' id='word_1_133' title='bbox 1146 2724 1219 2772; x_wconf 92' lang='lat' dir='ltr'>non</span> <span class='ocrx_word' id='word_1_134' title='bbox 1252 2700 1360 2773; x_wconf 91' lang='lat' dir='ltr'>modo</span> 
     </span>
     <span class='ocr_line' id='line_1_24' title="bbox 320 2811 1360 2901; baseline 0.003 -18"><span class='ocrx_word' id='word_1_135' title='bbox 320 2811 532 2901; x_wconf 88' lang='lat' dir='ltr'>laudabiles,</span> <span class='ocrx_word' id='word_1_136' title='bbox 551 2812 614 2883; x_wconf 89' lang='lat' dir='ltr'>sed</span> <span class='ocrx_word' id='word_1_137' title='bbox 633 2812 744 2884; x_wconf 89' lang='lat' dir='ltr'>etiam</span> <span class='ocrx_word' id='word_1_138' title='bbox 759 2813 974 2885; x_wconf 87' lang='lat' dir='ltr'>necessariae</span> <span class='ocrx_word' id='word_1_139' title='bbox 991 2824 1077 2885; x_wconf 88' lang='lat' dir='ltr'>sunt</span> <span class='ocrx_word' id='word_1_140' title='bbox 1095 2845 1104 2897; x_wconf 91' lang='lat'><strong>;</strong></span> <span class='ocrx_word' id='word_1_141' title='bbox 1131 2814 1316 2900; x_wconf 89' lang='lat' dir='ltr'>nimirum,</span> <span class='ocrx_word' id='word_1_142' title='bbox 1330 2815 1360 2887; x_wconf 90' lang='lat' dir='ltr'>si</span> 
     </span>
     <span class='ocr_line' id='line_1_25' title="bbox 321 2925 1361 3022; baseline 0.003 -25"><span class='ocrx_word' id='word_1_143' title='bbox 321 2925 424 2998; x_wconf 93' lang='lat' dir='ltr'>labor</span> <span class='ocrx_word' id='word_1_144' title='bbox 441 2926 641 3022; x_wconf 89' lang='lat' dir='ltr'>imperetur</span> <span class='ocrx_word' id='word_1_145' title='bbox 659 2926 783 3013; x_wconf 85' lang='lat' dir='ltr'>durus,</span> <span class='ocrx_word' id='word_1_146' title='bbox 801 2925 986 2998; x_wconf 87' lang='lat' dir='ltr'>interdum</span> <span class='ocrx_word' id='word_1_147' title='bbox 1005 2927 1216 3016; x_wconf 74' lang='lat' dir='ltr'>necessitaS,</span> <span class='ocrx_word' id='word_1_148' title='bbox 1234 2927 1361 3000; x_wconf 91' lang='lat' dir='ltr'>huma-</span> 
     </span>
     <span class='ocr_line' id='line_1_26' title="bbox 320 3038 1360 3136; baseline 0.001 -25"><span class='ocrx_word' id='word_1_149' title='bbox 320 3038 416 3111; x_wconf 86' lang='lat' dir='ltr'>nitas</span> <span class='ocrx_word' id='word_1_150' title='bbox 433 3063 576 3135; x_wconf 89' lang='lat' dir='ltr'>semper</span> <span class='ocrx_word' id='word_1_151' title='bbox 601 3039 766 3136; x_wconf 88' lang='lat' dir='ltr'>requirit,</span> <span class='ocrx_word' id='word_1_152' title='bbox 785 3049 826 3110; x_wconf 94' lang='lat' dir='ltr'>ut</span> <span class='ocrx_word' id='word_1_153' title='bbox 844 3039 1111 3111; x_wconf 90' lang='lat' dir='ltr'>consulentium</span> <span class='ocrx_word' id='word_1_154' title='bbox 1131 3039 1228 3111; x_wconf 89' lang='lat' dir='ltr'>dulci</span> <span class='ocrx_word' id='word_1_155' title='bbox 1247 3040 1360 3113; x_wconf 90' lang='lat' dir='ltr'>emol-</span> 
     </span>
     <span class='ocr_line' id='line_1_27' title="bbox 320 3151 1349 3247; baseline 0 -23"><span class='ocrx_word' id='word_1_156' title='bbox 320 3152 443 3241; x_wconf 82' lang='lat' dir='ltr'>liatur,</span> <span class='ocrx_word' id='word_1_157' title='bbox 455 3153 578 3247; x_wconf 87' lang='lat' dir='ltr'>potius</span> <span class='ocrx_word' id='word_1_158' title='bbox 596 3175 705 3247; x_wconf 91' lang='lat' dir='ltr'>quam</span> <span class='ocrx_word' id='word_1_159' title='bbox 723 3175 852 3246; x_wconf 89' lang='lat' dir='ltr'>aspero</span> <span class='ocrx_word' id='word_1_160' title='bbox 868 3151 1011 3246; x_wconf 90' lang='lat' dir='ltr'>imperii</span> <span class='ocrx_word' id='word_1_161' title='bbox 1026 3152 1111 3224; x_wconf 92' lang='lat' dir='ltr'>stilo</span> <span class='ocrx_word' id='word_1_162' title='bbox 1129 3153 1194 3224; x_wconf 89' lang='lat' dir='ltr'>fiat</span> <span class='ocrx_word' id='word_1_163' title='bbox 1212 3152 1349 3226; x_wconf 92' lang='lat' dir='ltr'>durior.</span> 
     </span>
    </p>

    <p class='ocr_par' dir='ltr' id='par_1_9' title="bbox 319 3263 1360 4382">
     <span class='ocr_line' id='line_1_28' title="bbox 371 3263 1359 3361; baseline 0.001 -23"><span class='ocrx_word' id='word_1_164' title='bbox 371 3264 596 3338; x_wconf 85' lang='lat' dir='ltr'>Differentiae</span> <span class='ocrx_word' id='word_1_165' title='bbox 622 3265 718 3336; x_wconf 89' lang='lat' dir='ltr'>inter</span> <span class='ocrx_word' id='word_1_166' title='bbox 733 3263 954 3361; x_wconf 80' lang='lat' dir='ltr'>imperatum</span> <span class='ocrx_word' id='word_1_167' title='bbox 973 3276 1010 3336; x_wconf 90' lang='lat' dir='ltr'>et</span> <span class='ocrx_word' id='word_1_168' title='bbox 1027 3265 1221 3337; x_wconf 77' lang='lat' dir='ltr'>concilium</span> <span class='ocrx_word' id='word_1_169' title='bbox 1238 3290 1359 3340; x_wconf 87' lang='lat' dir='ltr'>exem-</span> 
     </span>
     <span class='ocr_line' id='line_1_29' title="bbox 319 3378 1360 3477; baseline 0 -25"><span class='ocrx_word' id='word_1_170' title='bbox 319 3380 419 3477; x_wconf 88' lang='lat' dir='ltr'>plac</span> <span class='ocrx_word' id='word_1_171' title='bbox 438 3378 549 3452; x_wconf 91' lang='lat' dir='ltr'>sacris</span> <span class='ocrx_word' id='word_1_172' title='bbox 568 3378 766 3474; x_wconf 88' lang='lat' dir='ltr'>Scripturis</span> <span class='ocrx_word' id='word_1_173' title='bbox 792 3379 886 3451; x_wconf 94' lang='lat' dir='ltr'>sumi</span> <span class='ocrx_word' id='word_1_174' title='bbox 912 3390 1077 3473; x_wconf 89' lang='lat' dir='ltr'>possunt.</span> <span class='ocrx_word' id='word_1_175' title='bbox 1129 3378 1191 3450; x_wconf 87' lang='lat' dir='ltr'>Ne</span> <span class='ocrx_word' id='word_1_176' title='bbox 1218 3378 1360 3452; x_wconf 71' lang='lat' dir='ltr'>lrabeat</span> 
     </span>
     <span class='ocr_line' id='line_1_30' title="bbox 320 3490 1357 3590; baseline 0 -24"><span class='ocrx_word' id='word_1_177' title='bbox 320 3493 418 3566; x_wconf 79' lang='lat' dir='ltr'>alios</span> <span class='ocrx_word' id='word_1_178' title='bbox 431 3495 534 3566; x_wconf 78' lang='lat' dir='ltr'>Deos</span> <span class='ocrx_word' id='word_1_179' title='bbox 546 3515 672 3564; x_wconf 87' lang='lat' dir='ltr'>coram</span> <span class='ocrx_word' id='word_1_180' title='bbox 690 3517 745 3563; x_wconf 86' lang='lat' dir='ltr'>me</span> <span class='ocrx_word' id='word_1_181' title='bbox 756 3519 768 3563; x_wconf 95' lang='lat'><em>:</em></span> <span class='ocrx_word' id='word_1_182' title='bbox 786 3490 969 3586; x_wconf 81' lang='lat' dir='ltr'>aesccito</span> <span class='ocrx_word' id='word_1_183' title='bbox 988 3491 1057 3564; x_wconf 79' lang='lat' dir='ltr'>tibi</span> <span class='ocrx_word' id='word_1_184' title='bbox 1073 3491 1265 3590; x_wconf 80' lang='lat' dir='ltr'>sculptile,</span> <span class='ocrx_word' id='word_1_185' title='bbox 1279 3504 1357 3566; x_wconf 91' lang='lat' dir='ltr'>etc:</span> 
     </span>
     <span class='ocr_line' id='line_1_31' title="bbox 320 3602 1360 3700; baseline -0.001 -21"><span class='ocrx_word' id='word_1_186' title='bbox 320 3632 365 3679; x_wconf 82' lang='lat' dir='ltr'>ne</span> <span class='ocrx_word' id='word_1_187' title='bbox 383 3605 560 3678; x_wconf 76' lang='lat' dir='ltr'>areu-mito</span> <span class='ocrx_word' id='word_1_188' title='bbox 579 3628 705 3676; x_wconf 81' lang='lat' dir='ltr'>nornen</span> <span class='ocrx_word' id='word_1_189' title='bbox 731 3603 808 3676; x_wconf 82' lang='lat' dir='ltr'>Dei</span> <span class='ocrx_word' id='word_1_190' title='bbox 834 3603 890 3675; x_wconf 79' lang='lat' dir='ltr'>tui</span> <span class='ocrx_word' id='word_1_191' title='bbox 915 3602 953 3674; x_wconf 81' lang='lat' dir='ltr'>ia</span> <span class='ocrx_word' id='word_1_192' title='bbox 978 3629 1108 3676; x_wconf 81' lang='lat' dir='ltr'>vonum</span> <span class='ocrx_word' id='word_1_193' title='bbox 1121 3632 1136 3686; x_wconf 90' lang='lat'><em>;</em></span> <span class='ocrx_word' id='word_1_194' title='bbox 1162 3607 1360 3700; x_wconf 79' lang='lat' dir='ltr'>sanctifica</span> 
     </span>
     <span class='ocr_line' id='line_1_32' title="bbox 321 3717 1359 3815; baseline -0.005 -22"><span class='ocrx_word' id='word_1_195' title='bbox 321 3720 552 3793; x_wconf 83' lang='lat' dir='ltr'>Sabbatum:</span> <span class='ocrx_word' id='word_1_196' title='bbox 590 3717 732 3790; x_wconf 76' lang='lat' dir='ltr'>tonora</span> <span class='ocrx_word' id='word_1_197' title='bbox 756 3728 911 3815; x_wconf 79' lang='lat' dir='ltr'>putrem</span> <span class='ocrx_word' id='word_1_198' title='bbox 938 3727 1036 3789; x_wconf 83' lang='lat' dir='ltr'>tuum</span> <span class='ocrx_word' id='word_1_199' title='bbox 1051 3745 1064 3789; x_wconf 92' lang='lat'>.·</span> <span class='ocrx_word' id='word_1_200' title='bbox 1096 3743 1140 3789; x_wconf 81' lang='lat' dir='ltr'>ne</span> <span class='ocrx_word' id='word_1_201' title='bbox 1168 3718 1359 3791; x_wconf 78' lang='lat' dir='ltr'>occidito:</span> 
     </span>
     <span class='ocr_line' id='line_1_33' title="bbox 320 3831 1359 3928; baseline -0.004 -21"><span class='ocrx_word' id='word_1_202' title='bbox 320 3860 365 3908; x_wconf 82' lang='lat' dir='ltr'>ne</span> <span class='ocrx_word' id='word_1_203' title='bbox 395 3842 610 3904; x_wconf 76' lang='lat' dir='ltr'>scortator:</span> <span class='ocrx_word' id='word_1_204' title='bbox 646 3857 692 3903; x_wconf 85' lang='lat' dir='ltr'>ne</span> <span class='ocrx_word' id='word_1_205' title='bbox 711 3831 888 3928; x_wconf 78' lang='lat' dir='ltr'>furator,</span> <span class='ocrx_word' id='word_1_206' title='bbox 917 3841 999 3903; x_wconf 85' lang='lat' dir='ltr'>etc:</span> <span class='ocrx_word' id='word_1_207' title='bbox 1035 3831 1215 3927; x_wconf 92' lang='lat' dir='ltr'>imperata</span> <span class='ocrx_word' id='word_1_208' title='bbox 1248 3842 1359 3914; x_wconf 90' lang='lat' dir='ltr'>sunt;</span> 
     </span>
     <span class='ocr_line' id='line_1_34' title="bbox 320 3943 1359 4043; baseline -0.002 -25"><span class='ocrx_word' id='word_1_209' title='bbox 320 3947 406 4043; x_wconf 91' lang='lat' dir='ltr'>quia</span> <span class='ocrx_word' id='word_1_210' title='bbox 422 3945 516 4018; x_wconf 89' lang='lat' dir='ltr'>ratio</span> <span class='ocrx_word' id='word_1_211' title='bbox 542 3944 760 4017; x_wconf 88' lang='lat' dir='ltr'>obedientiae</span> <span class='ocrx_word' id='word_1_212' title='bbox 786 3969 808 4016; x_wconf 92' lang='lat' dir='ltr'>a</span> <span class='ocrx_word' id='word_1_213' title='bbox 834 3944 1021 4016; x_wconf 90' lang='lat' dir='ltr'>voluntate</span> <span class='ocrx_word' id='word_1_214' title='bbox 1040 3943 1187 4016; x_wconf 91' lang='lat' dir='ltr'>ducitur</span> <span class='ocrx_word' id='word_1_215' title='bbox 1200 3944 1281 4032; x_wconf 88' lang='lat' dir='ltr'>Dei,</span> <span class='ocrx_word' id='word_1_216' title='bbox 1300 3945 1359 4016; x_wconf 94' lang='lat' dir='ltr'>cui</span> 
     </span>
     <span class='ocr_line' id='line_1_35' title="bbox 320 4056 1359 4154; baseline -0.003 -22"><span class='ocrx_word' id='word_1_217' title='bbox 320 4059 469 4132; x_wconf 92' lang='lat' dir='ltr'>obedire</span> <span class='ocrx_word' id='word_1_218' title='bbox 488 4058 704 4154; x_wconf 82' lang='lat' dir='ltr'>obligamur.</span> <span class='ocrx_word' id='word_1_219' title='bbox 758 4056 832 4129; x_wconf 89' lang='lat' dir='ltr'>Sed</span> <span class='ocrx_word' id='word_1_220' title='bbox 849 4059 961 4129; x_wconf 90' lang='lat' dir='ltr'>verba</span> <span class='ocrx_word' id='word_1_221' title='bbox 976 4057 1069 4147; x_wconf 89' lang='lat' dir='ltr'>haec,</span> <span class='ocrx_word' id='word_1_222' title='bbox 1095 4057 1220 4130; x_wconf 84' lang='lat' dir='ltr'>Vende</span> <span class='ocrx_word' id='word_1_223' title='bbox 1237 4058 1359 4129; x_wconf 83' lang='lat' dir='ltr'>omnia</span> 
     </span>
     <span class='ocr_line' id='line_1_36' title="bbox 320 4169 1360 4270; baseline 0 -26"><span class='ocrx_word' id='word_1_224' title='bbox 320 4199 401 4270; x_wconf 76' lang='lat' dir='ltr'>qua</span> <span class='ocrx_word' id='word_1_225' title='bbox 418 4171 544 4260; x_wconf 81' lang='lat' dir='ltr'>habes,</span> <span class='ocrx_word' id='word_1_226' title='bbox 565 4171 616 4243; x_wconf 85' lang='lat' dir='ltr'>da</span> <span class='ocrx_word' id='word_1_227' title='bbox 638 4169 889 4268; x_wconf 73' lang='lat' dir='ltr'>pauperibus,</span> <span class='ocrx_word' id='word_1_228' title='bbox 917 4180 954 4242; x_wconf 85' lang='lat' dir='ltr'>et</span> <span class='ocrx_word' id='word_1_229' title='bbox 972 4193 1213 4267; x_wconf 76' lang='lat' dir='ltr'>sequererne,</span> <span class='ocrx_word' id='word_1_230' title='bbox 1240 4171 1360 4244; x_wconf 84' lang='lat' dir='ltr'>consi-</span> 
     </span>
     <span class='ocr_line' id='line_1_37' title="bbox 319 4283 1360 4382; baseline -0.002 -23"><span class='ocrx_word' id='word_1_231' title='bbox 319 4287 409 4359; x_wconf 89' lang='lat' dir='ltr'>lium</span> <span class='ocrx_word' id='word_1_232' title='bbox 435 4296 489 4356; x_wconf 89' lang='lat' dir='ltr'>est</span> <span class='ocrx_word' id='word_1_233' title='bbox 505 4317 513 4366; x_wconf 85' lang='lat'>;</span> <span class='ocrx_word' id='word_1_234' title='bbox 544 4297 742 4382; x_wconf 90' lang='lat' dir='ltr'>propterea</span> <span class='ocrx_word' id='word_1_235' title='bbox 765 4283 866 4380; x_wconf 94' lang='lat' dir='ltr'>quod</span> <span class='ocrx_word' id='word_1_236' title='bbox 883 4284 988 4371; x_wconf 87' lang='lat' dir='ltr'>ratio,</span> <span class='ocrx_word' id='word_1_237' title='bbox 1006 4294 1161 4380; x_wconf 86' lang='lat' dir='ltr'>propter</span> <span class='ocrx_word' id='word_1_238' title='bbox 1182 4307 1290 4379; x_wconf 91' lang='lat' dir='ltr'>quam</span> <span class='ocrx_word' id='word_1_239' title='bbox 1308 4284 1360 4358; x_wconf 91' lang='lat' dir='ltr'>ita</span> 
     </span>
    </p>
   </div>
   <div class='ocr_carea' id='block_1_6' title="bbox 0 0 1468 4980">
    <p class='ocr_par' dir='ltr' id='par_1_10' title="bbox 0 0 1468 4980">
     <span class='ocr_line' id='line_1_38' title="bbox 0 0 1468 4980; baseline 0 0"><span class='ocrx_word' id='word_1_240' title='bbox 0 0 1468 4980; x_wconf 95' lang='lat' dir='ltr'> </span> 
     </span>
    </p>
   </div>
  </div>
 </body>
</html>
