2926 4980
351 360 406 417 nn
425 357 620 411 crvrnaru
639 356 909 410 cnatsniann.
1078 341 1149 408 ³59

111 527 168 599 bis
194 550 269 599 non
292 549 383 615 esse,
400 549 469 597 nec
495 547 621 597 eorum
638 535 824 620 praecepta
840 523 940 619 leges
957 545 1059 607 esse;
1085 520 1151 594 sed
1173 555 1251 605 erp,
1263 554 1348 604 xm,

111 639 189 712 ludi
215 639 408 734 magistros
425 638 506 711 illos
524 660 614 722 esse,
628 661 784 733 quorum
801 647 986 733 praecepta
1010 634 1152 708 monita
1188 637 1337 752 ὦ

112 765 255 826 tantum
271 764 377 825 sunt:
395 753 475 824 haec
494 750 705 823 Bellarmini
723 750 921 846 disputatio
939 748 1150 844 totaperiit.
1188 759 1339 804 owloeiwfiss

164 866 360 938 Ostensum
377 876 500 936 autem
518 874 586 951 est,
612 862 732 958 capite
758 862 924 958 proxime
951 861 1151 958 superiore,

114 1002 268 1075 regnum
296 977 434 1050 Christi
463 1000 539 1050 non
566 1000 644 1048 esse
673 999 717 1048 cx
748 974 819 1048 hoc
847 974 1007 1058 mund03
1033 996 1153 1068 neque

115 1113 202 1186 ergo
236 1090 395 1163 ministri
425 1092 515 1186 ejus,
546 1090 617 1162 nisi
650 1112 756 1186 reges
791 1091 876 1180 sint,
905 1088 1153 1163 obedientiam

114 1204 281 1299 praestari
295 1204 364 1276 sibi
377 1204 416 1276 in
430 1205 578 1277 nomine
594 1206 673 1300 ejus
687 1204 873 1300 postulare
888 1205 971 1300 jure
988 1212 1153 1301 possunt.

116 1316 213 1389 Nam
231 1317 262 1389 si
279 1317 322 1406 is,
341 1319 444 1413 cnjus
465 1319 548 1413 jure
565 1316 755 1413 postulant
776 1318 837 1412 jus
854 1317 1009 1413 regium,
1027 1315 1066 1388 in
1082 1315 1155 1389 hoa

115 1431 253 1503 mundo
271 1453 428 1525 regnum
445 1453 521 1503 non
539 1429 678 1519 habuit,
693 1453 766 1525 quo
781 1432 863 1524 jure
881 1429 1076 1525 imperinm
1092 1428 1156 1501 ha-

115 1543 257 1616 bebunt
274 1543 432 1616 ministri
450 1541 552 1639 ejus?
590 1541 698 1614 Sicut
716 1541 849 1631 Pater,
868 1541 959 1615 dicit
973 1541 1156 1630 Christus,

120 1657 219 1750 (Joh.
238 1681 299 1728 xx.
318 1660 391 1749 21),
419 1654 521 1727 misit
549 1679 616 1743 nte,
645 1654 702 1726 ita
731 1678 803 1752 ego
825 1656 931 1728 mitto
954 1679 1030 1728 voa.
1083 1654 1156 1728 Sed

118 1769 285 1842 Christus
311 1770 441 1842 missus
464 1779 519 1841 est
536 1767 584 1840 ad
599 1767 750 1841 Judaeos
768 1768 992 1841 revocandos
1009 1766 1058 1843 ad
1076 1791 1158 1864 reg·

117 1907 206 1955 num
225 1883 304 1970 Dei,
324 1893 361 1956 et
386 1882 571 1956 vocandas
596 1893 749 1977 gentes;
777 1906 852 1954 non
870 1894 993 1954 autem
1018 1891 1060 1954 ut
1077 1903 1158 1976 reg·

117 2008 224 2070 naret
241 1997 279 2069 in
296 1996 485 2092 majestate
503 2005 588 2068 ante
606 1993 703 2066 diem
716 1993 858 2089 judicii.
881 2090 884 2097 ,

167 2110 327 2204 Tempus
357 2119 481 2181 antem
511 2107 607 2180 inter
638 2107 924 2203 assumptionem
958 2106 1095 2179 Christi
1121 2118 1158 2179 et

119 2222 424 2296 resurrectionem
443 2221 694 2310 universalem,
709 2244 890 2317 nusquam
907 2230 1061 2293 vocatur
1077 2242 1159 2315 reg·

119 2361 220 2425 num,
238 2333 303 2408 sed
320 2334 574 2433 regeneratio,
592 2333 631 2406 id
648 2345 715 2423 est,
729 2333 948 2430 praeparatio
962 2345 1000 2405 et
1017 2332 1157 2429 aptatio

119 2449 310 2524 hominum
328 2447 375 2521 ad
392 2446 591 2520 adventum
604 2448 743 2520 Christi
761 2446 962 2521 secundum
981 2471 1065 2519 cum
1081 2445 1159 2542 glo-

121 2563 187 2652 ria,
215 2586 346 2658 nempe
371 2561 419 2634 ad
445 2560 542 2634 diem
564 2561 719 2657 judicii3
747 2574 789 2634 ut
807 2571 959 2658 apparet
976 2583 1022 2633 ex
1038 2559 1159 2632 verbis

122 2676 259 2750 Christi
275 2675 422 2767 (Matth.
443 2675 516 2746 xix.
536 2675 599 2762 28)
619 2702 626 2745 :
662 2673 733 2744 Vos
748 2673 813 2770 qni
829 2673 977 2770 aequati
994 2697 1050 2745 rne
1067 2671 1160 2744 eatis

122 2789 160 2862 in
187 2788 488 2887 regeneratione,
517 2813 596 2861 carn
621 2786 768 2860 cederit
794 2785 916 2860 Filias
943 2784 1099 2858 hominia
1122 2784 1161 2856 in

123 2902 267 2991 tirrano,
310 2925 373 2973 aaa
410 2924 555 2998 qaoque
592 2900 772 2973 sedebitis
814 2924 930 2998 anper
968 2898 1161 2974 duodecim

123 3013 295 3085 thronos:
321 3026 359 3086 et
384 3037 429 3085 ex
451 3013 571 3086 verbis
597 3011 634 3084 S.
663 3011 765 3084 Pauli
790 3012 1159 3109 OEphes.vi.14,l5):

124 3126 235 3200 State
251 3150 345 3224 ergo
363 3127 541 3200 succincti
559 3125 698 3199 lundon
717 3135 861 3199 oestron
879 3126 918 3198 in
935 3125 1108 3214 veritate,
1123 3134 1161 3197 et

124 3239 246 3313 induti
263 3238 420 3312 loricam
437 3241 615 3334 justitia,
632 3250 670 3313 et
687 3238 850 3313 calceati
859 3238 983 3336 pedes
1005 3237 1043 3311 in
1054 3261 1161 3336 prce·

118 3352 359 3450 parationem
375 3352 592 3451 Evangelii.

174 3466 298 3538 Etiam
328 3465 487 3537 officium
514 3466 766 3538 ministrorum
787 3464 1009 3562 piscationi,
1033 3463 1072 3536 id
1096 3473 1162 3552 est,

124 3577 315 3651 hominum
333 3577 381 3650 ad
398 3577 644 3651 obedientiam
669 3600 744 3649 non
775 3601 841 3673 per
872 3577 1099 3650 coactionem
1126 3588 1164 3649 et

125 3713 264 3785 poenas,
290 3689 355 3763 sed
380 3714 446 3786 per
472 3690 664 3763 consilium
691 3690 937 3775 conductioni,
963 3713 1038 3762 non
1054 3713 1163 3763 vena-

126 3803 219 3875 tioni
236 3814 434 3898 comparat.
500 3803 754 3876 Ministrorum
774 3802 912 3875 Christi
937 3826 1028 3898 opus
1053 3826 1163 3876 evan-

126 3915 298 4012 gelizatio
316 3929 384 4006 est,
403 3915 441 3988 id
458 3927 525 4004 est,
551 3916 764 4011 praedicatio
792 3915 939 4005 Christi,
956 3915 1163 3989 hominum·

129 4054 199 4126 que
213 4030 260 4102 ad
278 4028 479 4101 secundum
497 4030 575 4123 ejus
585 4028 781 4102 adventum
795 4028 1016 4124 praeparatio
1032 4059 1042 4112 ;
1069 4028 1165 4101 sicut

129 4141 391 4239 evangelizatio
427 4142 606 4215 Johannis
637 4142 812 4238 Baptistae
842 4153 922 4215 erat
946 4143 1165 4239 praeparatio

129 4255 317 4328 hominum
331 4255 379 4328 ad
395 4253 593 4328 adventum
610 4257 689 4351 ejus
705 4254 876 4351 primum.
