2926 4980
315 330 385 395 504
562 344 616 395 na
635 344 777 397 uacuo
795 346 1110 401 causasarum.

106 534 403 591 1·,u›.x1,r11,num
420 508 509 582 illud
527 534 549 581 a
567 508 713 583 Christo
731 512 996 585 restituendum
1016 524 1117 603 erat,
1138 512 1378 609 sequebatur

121 624 273 727 [ἶ
314 635 355 696 ut
384 622 421 693 in
443 622 614 695 restituto
639 647 701 695 rer
720 635 815 697 essct
828 624 1007 699 Christus.
1063 626 1214 723 ltaque
1247 650 1374 699 ascen·

119 716 213 843 inlr}
316 733 425 807 dente
443 734 588 808 Christo
605 735 643 807 iu
660 736 805 825 coelum,
821 738 1040 834 sequebatur
1058 748 1105 811 ut
1126 736 1254 811 alicui
1271 738 1374 835 regni

119 818 294 923 diffie.
316 848 371 919 sui
389 847 737 921 administrationem
756 850 793 922 in
810 862 908 923 terra
923 850 1128 945 reliquerit,
1143 850 1212 923 rel
1230 850 1371 925 homini

315 962 373 1033 rel
392 962 513 1033 coetui.
566 960 801 1035 Manifestum
821 986 909 1059 ergo
925 976 1003 1037 erat
1018 962 1140 1054 illum,
1162 964 1236 1061 qui
1254 964 1370 1038 admi·

314 1075 568 1147 nistrationem
596 1074 691 1147 banc
724 1076 918 1165 obtineret,
945 1073 1101 1150 eandem
1131 1090 1365 1173 potestatem

315 1186 524 1259 habiturum
540 1209 630 1274 esse,
646 1210 754 1282 quam
771 1187 974 1261 habuerant
989 1188 1214 1263 sacerdotes
1232 1190 1364 1263 summi

315 1304 439 1373 Aaron
462 1312 498 1370 et
516 1323 741 1373 successores
767 1304 845 1395 ejus
867 1302 906 1373 in
926 1301 1061 1398 populo
1078 1302 1309 1394 Israelitico,
1326 1304 1363 1377 id

314 1427 383 1502 est,
401 1423 620 1509 potestatem
644 1414 778 1510 regiam
797 1429 836 1488 et
852 1438 1045 1499 summam;
1070 1425 1189 1511 atque
1206 1416 1283 1489 hoc
1300 1416 1361 1489 bc

314 1551 402 1599 uum
421 1525 509 1597 illud
524 1538 591 1613 est,
608 1542 760 1623 propter
780 1528 877 1624 quod
902 1527 1071 1601 doctrina
1095 1528 1163 1601 illa
1190 1529 1358 1603 ecclesie

317 1640 492 1712 Romanae
509 1640 659 1713 inventa
675 1653 728 1713 cst
744 1673 754 1723 ;
772 1641 923 1731 bonum,
936 1665 1009 1738 quo
1025 1640 1171 1715 nullum
1188 1643 1231 1715 in
1249 1643 1356 1717 terris

315 1756 431 1849 majus
460 1778 537 1825 esse
564 1755 710 1828 dicitur.
760 1755 1002 1829 Tenebrosam
1026 1778 1116 1851 ergo
1139 1756 1243 1829 banc
1268 1756 1354 1829 doc-

313 1868 448 1940 triuam
460 1868 568 1962 primi
579 1866 791 1940 infuderunt
803 1868 966 1941 ecclesia
975 1866 1170 1963 pontifices
1180 1868 1352 1957 Romani,

315 2003 387 2075 qua
403 1980 622 2052 docerentur
638 1980 735 2052 cives
746 1980 955 2068 Christiani,
968 1977 1112 2077 quoties
1128 1979 1231 2053 inter
1249 2004 1351 2078 reges

314 2105 352 2165 et
378 2094 511 2187 Papam
538 2092 696 2165 oriretur
720 2093 978 2181 controversia,
995 2091 1174 2187 neglectis
1201 2116 1352 2167 suorum

314 2228 442 2301 regum
460 2205 657 2299 imperatis,
675 2206 782 2300 Papae
799 2205 958 2278 obedire.

366 2315 475 2390 Quod
505 2315 602 2387 idem
627 2316 783 2389 doceant
811 2316 955 2414 Papam
983 2316 1021 2389 iu
1048 2316 1228 2390 articulis
1250 2318 1351 2413 fidei

316 2428 535 2524 defiuieudir
550 2452 621 2500 non
631 2453 749 2526 porse
766 2453 912 2519 errare,
930 2428 1058 2503 eodem
1074 2429 1209 2503 tendit.

365 2540 475 2616 Quod
488 2541 680 2637 episcopus
694 2543 880 2615 Romanus
893 2542 991 2616 solus
1007 2553 1232 2639 potestatem
1248 2568 1352 2618 suam

311 2658 393 2751 jure
412 2655 535 2727 divino
558 2655 768 2728 immediato
786 2670 963 2745 exerceat,
982 2658 1104 2729 caetcri
1118 2659 1204 2753 jure
1222 2660 1273 2733 ab
1290 2660 1351 2733 illo

316 2769 489 2857 derivato,
508 2767 636 2840 eodem
654 2768 784 2841 tendit.
826 2769 965 2841 Eodem
982 2769 1093 2841 etiam
1108 2770 1232 2843 tendit
1250 2773 1352 2868 quod

316 2882 450 2970 clerici,
468 2882 651 2969 monachi,
675 2893 711 2954 et
735 2883 866 2954 fratres
893 2883 1047 2955 inomni
1072 2883 1154 2956 loco
1179 2908 1204 2955 a
1231 2887 1352 2981 poenis

316 2996 437 3089 legum
455 2993 615 3065 civilium
630 2994 846 3066 eximantur.

365 3109 419 3179 Ex
451 3106 579 3179 eadem
606 3106 783 3196 doctrina,
814 3108 984 3180 nimirum
1013 3107 1110 3204 quod
1134 3109 1352 3185 sacerdotes

315 3221 387 3292 sint
404 3220 531 3292 eodem
554 3222 636 3314 jure
653 3244 726 3317 quo
743 3220 880 3309 Aaron,
898 3233 1054 3317 poscunt
1070 3221 1137 3293 sibi
1154 3233 1193 3294 et
1210 3223 1352 3297 letitia

314 3335 388 3405 suis
406 3334 444 3405 in
461 3331 668 3405 civitatibus
686 3334 900 3406 Christianis
923 3336 1007 3429 jure
1031 3335 1153 3408 divino
1172 3336 1350 3411 decimas.

364 3445 475 3520 Quod
505 3446 776 3519 matrimonium
810 3459 1078 3521 sacramentum
1103 3472 1180 3521 esse
1206 3450 1350 3541 dicant,

313 3584 357 3631 eo
380 3560 511 3647 tendit,
528 3571 569 3631 ut
593 3560 734 3655 judices
761 3561 833 3633 siut
860 3561 898 3633 iu
924 3561 1124 3657 quaestioue
1149 3559 1195 3633 de
1219 3565 1351 3637 matri·

313 3673 437 3745 monio
463 3672 639 3768 legitimo,
657 3684 694 3744 et
711 3698 777 3768 per
794 3697 1019 3768 consequens
1046 3673 1091 3745 de
1116 3676 1349 3750 successione

313 3785 361 3857 ad
377 3809 492 3880 regna
508 3784 739 3858 hereditario.

362 3898 392 3970 Α
412 3898 641 3971 confessione
658 3899 851 3971 auriculari
869 3899 1019 3971 consilia
1034 3924 1162 3996 regum
1180 3912 1219 3973 et
1241 3926 1348 3999 mag-

312 4024 441 4082 uatum
460 4011 648 4105 explorare
665 4024 829 4104 possunt,
846 4024 885 4083 et
901 4011 1097 4106 aliquando
1114 4013 1320 4108 explorant.

362 4125 393 4194 Α
413 4124 687 4196 canonizatione
705 4147 832 4195 eorum
848 4124 1047 4213 hominum,
1059 4149 1215 4220 quorum
1231 4150 1347 4223 opera

312 4235 349 4307 in
368 4250 550 4332 potestate
576 4263 641 4311 sua
662 4237 830 4333 augenda
846 4239 903 4311 rel
928 4239 1176 4312 conservanda
1195 4241 1346 4336 egregia
