2926 4980
145 531 224 582 car.
235 534 298 584 x11.

149 612 293 650 “⁹'‘
337 625 399 687 tur

137 670 290 731 maneum.

339 319 386 385 92
731 336 786 388 mr
805 336 987 388 nomme.

339 525 549 598 quanquam
565 503 662 592 libri,
674 504 737 599 qui
755 528 799 576 eo
816 504 965 578 nomine
982 527 1082 577 nunc
1096 514 1235 592 extant,
1253 502 1380 576 viden-

417 615 716 712 subsequentium
742 628 951 713 temporum
970 618 1189 714 figmentum
1206 640 1298 705 esse,
1311 639 1380 713 pro

334 729 518 802 vaticiniis
535 730 651 803 habiti
668 742 779 816 sunt;
806 732 863 803 vel
881 754 926 803 ex
943 731 1134 804 hominum
1151 741 1275 803 mente
1293 753 1380 827 cap-

333 852 457 915 torum
481 842 630 934 deliriis,
648 845 711 940 qui
734 844 926 918 dicebatur
949 845 1233 918 enthusiasmus
1286 843 1379 916 Haec

333 954 458 1027 omnia
467 956 695 1031 theomautia
705 957 778 1030 dici
790 967 956 1053 possunt.
983 956 1137 1042 Deinde,
1148 956 1274 1029 futura
1282 979 1378 1051 prae-

333 1067 505 1141 dicebant
532 1092 578 1142 ex
601 1070 810 1166 aspectibus
836 1070 1036 1160 stellarum,
1055 1094 1137 1166 quae
1159 1068 1379 1165 horoscopia

332 1193 436 1264 erat;
472 1182 532 1254 vel
563 1206 606 1255 ex
642 1206 708 1255 sno
743 1183 919 1278 cujusque
950 1195 1052 1255 metu
1082 1181 1142 1254 vel
1171 1205 1247 1278 spe,
1276 1181 1378 1278 quod

331 1294 551 1391 praesagium
580 1306 618 1368 et
647 1295 918 1369 thumomantia
941 1295 1218 1393 appellabatur3
1244 1295 1303 1368 vel
1331 1319 1377 1367 ex

330 1407 632 1504 praedictionibus
655 1432 837 1504 sagarum,
861 1433 971 1504 quam
998 1420 1150 1505 propter
1173 1408 1261 1480 ficta
1290 1431 1376 1481 cum

330 1521 485 1594 mortuis
512 1521 691 1617 coloquia,
709 1523 1000 1595 necromantiam
1027 1522 1223 1605 dicebant;
1249 1520 1373 1594 velex

327 1632 454 1706 volatu
471 1644 536 1707 aut
545 1647 654 1730 pastu
668 1635 801 1724 avium,
816 1634 916 1731 quod
928 1645 1007 1708 erat
1019 1633 1213 1730 augurium
1227 1665 1236 1717 ;
1254 1632 1311 1706 vel
1327 1657 1373 1706 ex

328 1746 541 1820 animalium
571 1772 749 1821 caesorum
780 1748 884 1834 extis,
912 1773 994 1844 quae
1024 1747 1235 1843 aruspicina
1262 1759 1371 1831 erat;

328 1860 497 1933 etiamen
509 1861 672 1957 quolibet
686 1863 842 1951 somnio,
854 1886 900 1935 ex
911 1862 1151 1935 crocitatione
1165 1885 1372 1951 corvorum,

327 1994 373 2045 ex
390 1972 623 2049 lineamentis
640 1975 764 2047 vultus
782 1987 821 2046 et
838 1998 1026 2064 manuum,
1041 1999 1087 2048 ex
1104 1974 1265 2070 qualibet
1281 1998 1371 2048 voce

326 2083 490 2177 fortuita,
503 2111 548 2161 ex
563 2088 727 2184 quolibet
739 2088 887 2162 insolito
901 2088 1103 2161 accidente.
1140 2086 1244 2159 Adeo
1261 2086 1370 2160 facile

326 2207 394 2288 est,
412 2201 515 2296 quus
543 2201 789 2296 ignorantiam
815 2201 977 2275 molliter
998 2212 1158 2275 tractare
1186 2198 1370 2290 didiceris,

327 2335 548 2410 quocunque
565 2314 655 2388 velis
676 2314 822 2388 ducere.

376 2427 602 2501 Fundatores
613 2452 701 2524 ergo
712 2428 903 2501 civitatum
913 2440 952 2501 et
963 2427 1191 2524 legislatores
1201 2426 1369 2522 gentium

323 2539 445 2635 primi,
460 2541 591 2636 quibus
608 2540 784 2637 populum
798 2541 837 2612 in
852 2540 1061 2613 obedientia
1073 2540 1262 2613 continere
1280 2564 1368 2612 con-

324 2652 445 2725 silium
458 2667 549 2744 erat,
565 2655 692 2729 sedulo
707 2654 961 2751 providerunt,
975 2655 1106 2750 primo,
1125 2666 1167 2726 ut
1183 2663 1369 2749 praecepta

322 2766 510 2863 religionis
535 2792 612 2841 non
629 2768 677 2840 ab
695 2768 857 2863 ipsorum
880 2768 1042 2863 ingenio,
1061 2766 1128 2839 sed
1147 2767 1194 2839 ab
1213 2766 1367 2861 alicujus

323 2879 382 2952 dei
392 2879 450 2951 vel
461 2879 638 2954 daemonis
649 2880 848 2953 dictamine
856 2879 1014 2976 populus
1024 2879 1191 2975 profecta
1199 2902 1276 2951 esse
1287 2903 1366 2951 cre-

323 2990 505 3078 deret,vel
518 2994 655 3090 seipsos
666 2993 828 3067 melioris
837 3005 980 3067 naturae
989 2993 1156 3065 homines
1167 3015 1245 3064 esse
1256 3015 1366 3087 quam

322 3114 486 3194 caeteros,
505 3130 549 3179 eo
572 3108 646 3178 fine
669 3117 710 3179 ut
735 3105 834 3202 leges
853 3130 936 3179 suas
953 3106 1126 3181 libentius
1142 3105 1363 3202 acciperent.

323 3217 384 3292 Sic
397 3218 521 3291 Numa
538 3219 737 3315 Pompilius
748 3219 937 3315 religionis
948 3220 1124 3293 Romanae
1139 3219 1364 3291 ceremonias

320 3332 491 3428 nymphae
509 3333 664 3428 Egeriae,
683 3331 914 3406 Mahometes
928 3333 1144 3429 religionem
1161 3355 1265 3405 suam
1282 3332 1364 3429 Spi-

321 3444 408 3517 ritui
415 3446 551 3519 Sancto
563 3445 754 3541 apparenti
766 3446 804 3517 in
817 3445 937 3520 forma
950 3445 1141 3535 columbae,
1155 3445 1363 3542 imputavit.

321 3557 382 3631 Sic
401 3559 565 3632 Peruviae
590 3582 655 3632 rex
678 3557 818 3654 primus
844 3582 882 3631 se
900 3570 938 3630 et
954 3582 1108 3631 uxorem
1126 3581 1231 3630 suam
1247 3582 1271 3631 a
1288 3558 1364 3632 sole

318 3672 465 3767 genitos
475 3696 553 3745 esse
563 3671 761 3768 jactitavit.
803 3671 984 3760 Secundo,
998 3684 1040 3743 ut
1057 3670 1263 3759 crederent,
1281 3695 1363 3767 quae

318 3784 461 3880 legibus
479 3786 594 3859 vetita
617 3797 736 3873 erant,
755 3784 882 3857 eadem
908 3784 1032 3856 omnia
1049 3783 1118 3857 diis
1144 3784 1219 3857 suis
1237 3783 1362 3880 displi-

319 3897 438 3969 citura
451 3921 542 3971 esse.
592 3897 731 3985 Tertio,
742 3907 783 3969 ut
796 3897 1013 3969 ceremoniis
1030 3897 1099 3970 rite
1117 3909 1360 3991 accurateque

319 4011 477 4105 peractis
502 4011 641 4107 placari
663 4010 763 4099 deos,
782 4010 961 4106 neglectis
983 4010 1121 4084 irritari
1146 4010 1358 4092 crederent;

318 4123 482 4220 adeoque
498 4125 678 4199 bellorum
697 4147 801 4197 casus
819 4124 1004 4214 adversos
1017 4138 1152 4220 pesteS,
1170 4136 1359 4196 terraemo-

318 4251 390 4327 tua,
400 4238 711 4334 singulariumque
729 4236 955 4311 calamitates
974 4237 1090 4311 cultui
1107 4237 1276 4334 neglecto
1294 4244 1357 4307 aut
