2926 4980
537 385 590 435 nn
611 384 818 436 emmanu.
1129 375 1202 440 229

161 548 250 621 cede
268 549 435 637 sumitur,
454 561 491 621 et
507 549 724 622 beneficium
744 562 800 622 est
825 574 892 645 pro
913 550 1011 622 bono
1037 551 1202 645 praestito
1217 590 1416 640 mmm„

160 662 217 733 vel
234 662 414 756 promisso
433 662 609 735 debitum.
646 663 804 736 Quando
818 674 941 736 autem
954 664 1068 759 gratis
1083 663 1202 753 datur,
1250 674 1386 753 ’‘7“

160 775 379 847 beneficium
397 787 454 848 est
471 801 494 848 a
510 776 630 848 dantis
647 777 767 871 gratia
783 775 1000 871 profectum,
1013 801 1056 849 eo
1071 778 1144 849 fine
1161 790 1204 850 ut
1246 743 1378 865 diffidis

161 888 286 960 caeteri
300 889 397 961 cives
410 889 458 961 ad
472 889 613 962 civitati
622 890 716 962 bene
735 889 966 962 serviendum
979 890 1202 974 excitentur3

161 1013 200 1073 et
224 1003 372 1097 proprie
397 1004 588 1098 praemium
605 1004 820 1099 appellatur,
839 1004 1034 1099 differtque
1060 1028 1083 1075 a
1109 1026 1204 1074 mer-

162 1114 262 1204 cede,
282 1139 364 1211 quae
391 1115 516 1189 debita
533 1128 601 1189 est.
652 1117 731 1189 Etsi
749 1117 847 1189 enim
864 1118 960 1190 cives
978 1141 1115 1204 omneS,
1142 1116 1205 1189 de-

162 1228 268 1300 sertis
296 1231 406 1302 rebus
431 1230 649 1318 domesticis
668 1232 804 1304 servire
831 1231 971 1304 civitati
992 1230 1103 1303 etiam
1127 1230 1206 1303 sine

161 1342 342 1431 mercede,
361 1343 391 1414 si
409 1368 500 1438 opus
526 1343 585 1431 sit,
604 1344 835 1439 obligentur3
870 1344 909 1416 id
935 1357 1058 1417 tamen
1086 1367 1161 1415 non
1183 1369 1206 1416 a

161 1454 242 1549 lege
268 1467 408 1527 naturae
433 1480 552 1552 neque
578 1457 735 1529 civitatis
767 1457 999 1530 institutione
1034 1469 1100 1546 cst,
1136 1458 1206 1531 nisi

162 1568 291 1641 civitas
315 1567 460 1641 defendi
478 1569 568 1641 alias
585 1594 660 1641 non
677 1580 808 1665 potest.
863 1570 1091 1665 Supponitur
1108 1570 1207 1642 enim

162 1681 275 1768 illum,
295 1681 358 1776 qui
376 1706 582 1777 supremam
599 1683 711 1755 habet
729 1695 962 1778 potestatem,
980 1683 1137 1756 fortunis
1155 1683 1206 1755 ci-

163 1794 261 1866 vium
279 1795 442 1867 omnium
460 1820 564 1891 aeque
582 1796 637 1867 uti
653 1820 770 1890 posse,
787 1796 918 1890 quibus
938 1797 1000 1891 qui
1017 1797 1205 1869 civitatem

165 1906 378 1995 defendunt,
398 1908 471 1980 suis
497 1909 660 2004 ipsorum
684 1910 793 1981 rebus
814 1910 962 1998 relictiS,
981 1909 1205 1981 remunerari

163 2019 299 2092 debent
315 2049 322 2090 :
351 2019 443 2092 adeo
457 2033 498 2093 ut
513 2021 671 2094 militum
686 2022 832 2094 infimus
846 2022 985 2095 militiae
999 2022 1205 2095 mercedem

161 2145 204 2205 ut
217 2134 301 2227 jure
319 2132 480 2206 debitam
497 2136 682 2230 postulare
700 2148 833 2231 potest.

212 2247 436 2319 Beneficium
448 2273 469 2319 a
483 2272 625 2320 summo
639 2248 842 2344 imperante
857 2249 894 2320 in
912 2250 1028 2320 civem
1047 2248 1202 2320 colloca·

164 2370 254 2447 tum,
275 2372 376 2431 metu
401 2384 447 2431 ne
475 2362 615 2433 civitati
640 2374 783 2448 noceat,
809 2361 1001 2456 praemium
1026 2384 1101 2432 non
1127 2373 1204 2432 est:

162 2473 248 2567 quia
264 2486 365 2545 metu
383 2486 644 2570 extorquetur:
671 2499 790 2570 neque
807 2476 845 2546 in
863 2474 1066 2568 imperante
1080 2473 1201 2568 gratia

161 2596 228 2672 est,
250 2585 314 2658 sed
336 2586 457 2680 potius
485 2587 716 2676 sacrificium,
741 2612 813 2682 quo
834 2587 952 2659 civem
975 2587 1205 2671 malevolum,

160 2699 389 2795 eundemque
405 2711 606 2794 potentem,
620 2701 766 2796 placare
784 2701 884 2796 cupit
901 2728 909 2770 z
936 2724 1003 2771 nec
1017 2700 1065 2772 ad
1080 2700 1205 2772 obedi-

160 2813 307 2900 entiam,
326 2811 391 2884 sed
408 2824 536 2885 contra
553 2813 599 2885 ad
618 2815 792 2908 majorem
821 2813 1089 2885 contumaciam
1108 2813 1205 2885 cives

161 2925 252 2998 alios
270 2925 420 2997 excitat.

210 3038 423 3110 Mercedum
450 3051 571 3111 autem
587 3039 668 3112 aliae
687 3052 797 3112 certae
820 3051 916 3127 sunt,
942 3039 1204 3134 solvunturque

160 3176 205 3224 ex
221 3152 394 3224 thesauro
411 3153 559 3248 publico
577 3185 585 3233 ;
613 3154 695 3226 aliae
718 3155 882 3240 incertae,
901 3153 1140 3247 oriunturque
1158 3152 1204 3224 ab

160 3265 376 3337 executione
395 3265 507 3360 ipsius
522 3266 735 3348 ministerii;
763 3277 849 3338 sunt
866 3277 988 3337 autem
1006 3264 1202 3359 saepissime

160 3378 298 3450 civitati
332 3377 474 3460 noxiae3
513 3390 554 3451 ut
579 3379 618 3450 in
645 3378 847 3451 ministerio
870 3379 1105 3472 judiciorum,
1140 3376 1203 3448 ubi

162 3489 235 3562 duo
253 3490 338 3562 inde
354 3490 442 3562 oriri
453 3491 573 3562 solent
583 3490 827 3563 incommoda.
866 3492 1033 3565 Quorum
1047 3490 1203 3562 alterum

160 3615 216 3676 est
232 3604 500 3675 incrementum
517 3604 648 3675 litium.
702 3605 774 3677 Ubi
789 3604 887 3676 enim
906 3629 952 3677 ex
969 3602 1203 3676 multitudine

159 3717 279 3789 litium
302 3717 419 3789 oritur
437 3716 621 3811 judicibus
646 3717 877 3807 beneficium,
896 3718 1013 3789 solent
1038 3716 1203 3811 plerique

159 3855 351 3903 numerum
361 3829 482 3902 litium
494 3842 672 3925 quantum
685 3842 840 3925 possunt
851 3830 1004 3903 reddere
1016 3830 1202 3923 majorem.

159 3945 327 4016 Alterum
354 3956 421 4032 est,
449 3943 547 4038 quod
565 3943 793 4017 diversorum
811 3943 1048 4016 tribunalium
1062 3942 1204 4037 judices

158 4057 337 4129 certaturi
363 4067 447 4128 sunt
473 4058 569 4129 inter
595 4082 646 4145 se,
665 4057 746 4153 quis
773 4057 820 4129 ad
847 4056 1007 4129 tribunal
1033 4079 1139 4127 suum
1157 4057 1202 4127 ab

158 4168 238 4241 aliis
261 4170 506 4242 tribunalibus
532 4171 709 4266 plurimas
730 4172 812 4244 lites
838 4170 1012 4243 retrahat.
1067 4169 1140 4240 Sed
1165 4170 1202 4240 in

158 4282 369 4355 ministeriis
394 4284 632 4372 executionis
652 4284 885 4357 incommoda
907 4282 969 4355 illa
989 4283 1111 4355 locum
1128 4307 1202 4355 non

160 4393 307 4468 habent.
