2926 4980
311 331 386 403 360
552 350 607 402 un
626 350 820 403 crumina
840 352 1108 407 canterium.

110 543 285 597 emin,
362 515 745 602 Porro‚ministrorum
758 517 895 591 Christi
906 519 1068 593 officium
1078 520 1117 592 in
1126 520 1199 592 hoc
1209 517 1351 591 mundo

123 628 272 747 ffb„
312 639 402 713 erat,
414 641 455 700 ut
472 628 637 703 homines
656 631 806 703 credere
817 630 855 703 in
867 631 1055 705 Christum
1071 630 1350 729 persuaderent„

121 754 274 801 mm
312 739 469 814 Credere
483 753 606 815 autem
621 743 704 838 cogi
718 767 826 816 nemo
839 756 973 840 potest,
984 769 1103 841 neque
1113 747 1219 842 jussu
1230 767 1351 840 neque

309 854 357 943 vi,
383 854 449 927 sed
473 855 615 929 ratione
643 867 799 945 tantum,
825 859 1123 955 argumentisque
1149 857 1272 931 ductis
1292 859 1351 931 vel

310 968 491 1041 aratione
515 969 573 1040 vel
599 969 645 1041 ab
671 969 796 1065 aliqua
820 993 860 1042 re
886 995 996 1067 quam
1017 973 1094 1068 jam
1121 984 1205 1045 ante
1232 971 1351 1044 credi·

309 1080 442 1156 derint.
496 1081 658 1154 Ministri
684 1106 774 1179 ergo
802 1082 937 1157 Christi
962 1084 1001 1156 in
1026 1085 1097 1158 hoc
1126 1083 1277 1175 mundo,
1305 1108 1350 1157 eo

308 1197 455 1270 nomine
481 1195 580 1291 quod
605 1197 752 1270 illorum
778 1196 956 1271 doctrinae
973 1222 1048 1271 non
1076 1199 1123 1271 sit
1153 1197 1350 1288 creditum,

307 1310 366 1383 vel
384 1310 483 1405 quod
500 1310 549 1382 sit
566 1310 847 1400 contradictum,
865 1322 1085 1407 potestatem
1106 1336 1181 1384 non
1207 1311 1350 1385 habent

309 1448 530 1521 quamquam
560 1424 761 1522 puniendi:
793 1449 837 1498 eo
866 1425 1025 1513 nomine,
1056 1425 1218 1521 inquam,
1248 1425 1350 1521 quod

308 1537 465 1610 ministri
484 1536 621 1610 Christi
638 1549 736 1625 sunt,
749 1548 969 1633 potestatem
987 1539 1191 1611 coercivom
1207 1538 1349 1611 nullam

307 1650 455 1724 habent.
519 1651 770 1724 Veruntamen
797 1651 828 1723 si
857 1653 937 1747 qu‘ts
954 1663 1174 1748 potestatem
1202 1651 1349 1725 civilem

309 1786 488 1835 summam
505 1762 650 1849 habeat,
669 1763 789 1857 sitque
806 1762 904 1835 idem
921 1764 1088 1837 minister
1114 1764 1262 1853 Christi,
1280 1788 1349 1859 pu·

308 1875 388 1948 nire
406 1875 499 1964 illos,
518 1877 580 1971 qui
599 1876 778 1949 doctrinae
794 1900 870 1949 suae
888 1877 1029 1972 legibus
1048 1877 1239 1974 explicatae
1258 1901 1349 1949 cou-

309 1988 509 2078 cradicant,
534 1991 618 2085 jure
644 1988 704 2061 ille
729 1990 877 2085 poterit.
929 1990 1050 2063 Etiam
1077 1989 1114 2063 S.
1142 1990 1275 2062 Paulus
1300 1989 1349 2063 de

310 2101 429 2196 seipso
448 2102 662 2198 caeterisque
681 2104 737 2175 sui
756 2103 929 2199 temporis
947 2103 1261 2200 praedicatoribus
1276 2128 1349 2176 non

309 2212 495 2304 habemns,
514 2215 633 2311 inquit
654 2216 691 2306 (2
711 2215 793 2289 Cor.
809 2217 834 2288 i.
853 2220 932 2306 24),
951 2215 1147 2288 dominium
1174 2217 1212 2288 in
1225 2217 1348 2311 fidem

309 2336 482 2415 vestram,
500 2328 571 2400 sed
583 2329 722 2426 gandii
738 2329 855 2401 vestri
872 2329 1069 2424 ornatores
1086 2353 1221 2401 snmus.

360 2440 470 2515 Quod
488 2441 644 2514 ministri
662 2442 796 2514 Christi
822 2442 860 2514 in
887 2441 958 2515 hoc
985 2443 1123 2515 mundo
1145 2445 1207 2539 jus
1231 2442 1348 2540 impe-

308 2555 414 2627 randi
426 2580 498 2627 non
509 2555 821 2643 habeant,deduci
830 2567 953 2651 potest
964 2569 1222 2652 argumentum
1234 2557 1347 2628 etiam

309 2669 354 2740 ab
389 2669 612 2741 authoritate
643 2668 817 2763 legitima,
854 2693 962 2763 quam
997 2669 1146 2764 reliquit
1176 2669 1348 2742 Christus

310 2781 535 2876 principibus
553 2781 733 2868 omnibus
751 2793 830 2853 tum
845 2782 1072 2869 Christianis,
1088 2792 1165 2854 tum
1178 2782 1345 2855 ethnicis.

311 2895 449 2967 Coloss
469 2896 517 2966 iii.
537 2903 598 2982 20,
617 2894 707 2967 dicit
734 2895 770 2967 S.
791 2896 944 2968 Paulus:
971 2894 1075 2982 Filii,
1101 2894 1250 2966 obedite
1273 2921 1346 2989 pa-

310 3009 478 3081 rentibus
498 3033 572 3107 per
600 3010 743 3093 omnim
769 3009 838 3081 hoc
863 3009 957 3081 enim
977 3007 1163 3105 placitum
1185 3018 1242 3080 est
1268 3009 1346 3080 Do-

310 3122 429 3194 mino:
456 3135 493 3195 et
522 3123 629 3215 (vers.
649 3124 733 3215 wi:
772 3122 880 3195 Serui
904 3121 1054 3195 obedite
1079 3120 1236 3193 doiizinis
1263 3145 1349 3193 ear·

310 3234 469 3324 noiibus,
496 3260 567 3307 non
593 3235 648 3308 ad
670 3235 810 3307 ocrtlnrn
833 3235 1047 3322 servientes,
1066 3234 1177 3330 quusi
1194 3233 1348 3306 homini-

311 3346 376 3418 bus
387 3347 597 3445 placentes,
616 3348 687 3420 sed
703 3349 738 3420 in
756 3347 1003 3446 simplicitate
1020 3347 1159 3436 cordis,
1179 3346 1348 3419 timentes

311 3460 440 3532 Deum.
493 3461 603 3533 Dicta
619 3471 741 3533 autem
759 3461 837 3534 haec
856 3472 942 3532 sunt
960 3460 1007 3533 ad
1025 3484 1087 3532 eos
1106 3483 1262 3556 quorum
1281 3461 1347 3533 do

310 3576 401 3647 mini
435 3587 539 3647 erant
569 3575 731 3659 ethnici;
764 3575 941 3671 jubentur
973 3585 1095 3645 tamen
1126 3571 1273 3644 obedire
1309 3572 1347 3644 in

311 3688 486 3762 omnibns.
539 3688 691 3777 Rursus
706 3687 751 3759 de
763 3686 971 3760 obedientia
984 3685 1209 3781 principibus
1223 3685 1348 3757 debita

311 3804 400 3877 dicit
415 3802 535 3896 (Rom.
554 3801 629 3872 xiii.
646 3809 680 3888 4,
701 3805 756 3893 5);
776 3799 853 3871 Dei
871 3798 964 3871 enim
982 3797 1151 3870 minister
1168 3807 1225 3869 est
1236 3797 1346 3894 prin-

311 3941 410 4015 ceps,
428 3915 563 3988 vindex
583 3915 620 3986 in
638 3913 734 3985 irem
752 3913 797 4001 ei,
817 3913 882 4010 qni
898 3911 1032 3984 molunt
1057 3911 1162 4010 ogit:
1190 3910 1348 4009 ideoque

310 4030 534 4104 necessitate
547 4027 689 4100 subditi
699 4037 842 4109 estote;
860 4051 931 4098 non
942 4024 1057 4097 solum
1062 4034 1226 4123 propter
1238 4025 1346 4112 irorn,

311 4145 381 4217 sed
403 4144 514 4218 etiam
528 4151 694 4239 propter
712 4139 985 4213 conscientiam.
1037 4138 1085 4210 Et
1106 4137 1263 4211 Sanctus
1280 4137 1347 4210 Pe-
