2926 4980
492 386 546 438 nn
566 386 776 438 c1v1rnrn.
1093 375 1157 441 151

108 547 249 640 differt,
267 550 371 648 quod
398 550 460 626 hic
487 565 591 625 metu
607 563 748 639 mutuo,
763 552 813 625 ibi
827 564 930 625 metu
942 553 1051 627 unius
1064 555 1162 630 cives
1193 586 1271 636 cre.
1287 587 1347 636 xx.

107 664 309 760 imperium
334 666 373 738 iu
400 687 440 738 se
464 665 678 738 admittunt.
732 665 888 760 Utrique
912 675 1038 738 tamen
1056 666 1094 739 id
1107 667 1162 742 fa-
1203 667 1347 774 Μ

110 779 217 851 ciunt
247 789 363 851 metu.
416 778 459 853 ld
487 779 586 876 quod
617 780 663 852 ab
694 779 739 851 iis
770 779 834 875 qui
866 789 976 875 pacta
1009 793 1161 875 propter
1202 798 1326 902 gemet

110 905 254 967 metum
279 894 373 967 inita
398 893 505 966 irrita
530 917 611 966 esse
635 891 895 966 universaliter
919 893 1160 988 pronuntiare
1218 860 1321 917 “m

110 1007 245 1095 solent,
262 1005 471 1080 notandum
488 1017 557 1079 est.

164 1118 209 1192 Id
242 1121 342 1194 enim
375 1118 408 1194 si
425 1143 552 1192 verum
586 1129 694 1209 esset,
730 1117 889 1190 civitatis
912 1117 1032 1190 forma
1060 1119 1162 1193 nulla

113 1244 224 1324 esset,
257 1234 397 1330 inqua
422 1233 671 1307 obedientiam
697 1230 832 1305 civium
859 1229 987 1304 civitas
1014 1232 1160 1328 exigere

109 1349 196 1443 jure
210 1358 347 1443 possa.
398 1346 444 1421 ln
464 1346 614 1420 civitate
627 1340 789 1442 quidem,
800 1344 864 1417 ubi
878 1344 932 1417 vis
945 1345 1161 1441 prohibetur

114 1471 154 1534 et
169 1460 366 1534 latrocinia
377 1460 543 1534 indicare
555 1460 689 1556 jubent
698 1458 811 1555 leges,
824 1458 1006 1554 promissa
1019 1471 1160 1532 terrore

114 1584 261 1648 extorta
279 1574 385 1648 irrita
396 1585 500 1657 sunt;
527 1597 604 1646 non
617 1584 741 1645 autem
754 1594 800 1644 ex
817 1583 952 1644 natura
963 1586 1159 1669 pactorum

113 1687 223 1761 irrita
246 1700 344 1761 sunt.
396 1687 518 1760 Etiam
542 1685 605 1758 ubi
622 1684 803 1780 promissa
818 1695 921 1757 metu
937 1684 1036 1758 facta
1061 1685 1162 1758 inva-

112 1799 190 1873 lida
206 1811 306 1890 sunt,
322 1800 582 1897 promissorem
600 1798 758 1872 absolvit
775 1821 851 1870 non
869 1797 968 1893 pacti
994 1798 1161 1873 invalidi-

112 1926 183 2003 ωε,
201 1912 268 1986 sed
285 1913 472 1987 sententia
484 1936 638 1987 summae
654 1912 859 2009 potcstatis.
913 1911 1062 2008 Alioqui
1080 1912 1162 1984 uni-

112 2025 306 2099 versaliter
338 2048 468 2098 verum
503 2036 559 2098 est
596 2024 818 2121 promissum
851 2023 995 2096 licitum
1033 2024 1161 2098 illicite

114 2138 258 2211 violari.

164 2251 258 2325 lura
269 2262 394 2324 autem
407 2273 558 2324 summae
575 2250 782 2346 potestatis,
802 2251 877 2323 sive
888 2251 1069 2324 institutae
1082 2252 1159 2325 sive

115 2365 152 2436 vi
168 2363 372 2461 acquisitae,
391 2363 521 2437 eadem
534 2373 632 2453 sunt,
649 2386 769 2459 neque
788 2363 867 2436 sine
884 2363 1053 2437 habentis
1071 2389 1158 2438 con·

115 2501 227 2550 sensu
238 2476 375 2551 auferri
393 2477 449 2550 vel
466 2474 660 2550 transferri
673 2488 837 2571 possunt.
892 2477 1021 2572 ltaque
1035 2478 1098 2572 qui
1117 2501 1161 2551 ea

115 2589 279 2687 possidet
302 2612 423 2684 neque
447 2588 570 2685 puniri
592 2611 712 2684 neque
730 2612 814 2662 reus
832 2589 912 2661 fieri
925 2592 1009 2685 jure
1025 2602 1159 2686 potest.

115 2704 172 2777 De
188 2727 280 2800 pace
306 2713 345 2775 et
360 2703 470 2792 bello,
489 2715 528 2797 et
546 2701 591 2775 dc
609 2701 789 2774 doctrinis
805 2703 953 2799 publice
970 2702 1159 2794 docendis,

116 2827 154 2890 et
167 2816 214 2890 de
225 2817 483 2890 controversiis
497 2816 665 2889 omnibus
675 2815 830 2911 judicat.
858 2816 1159 2912 Magistratuum,

116 2930 408 3003 consiliariorum
432 2928 471 3001 in
499 2911 751 3026 padqducum
776 2929 813 3001 in
842 2929 952 3020 bello,
971 2931 1158 3005 ministro·

115 3066 272 3139 rumque
289 3042 522 3140 publicorum
539 3041 762 3115 constitutor
776 3041 875 3114 solus
885 3054 950 3115 est.
1002 3044 1161 3117 Premio-

115 3180 213 3244 rum,
229 3179 435 3252 poenarum,
450 3154 612 3242 honoris,
630 3167 669 3226 et
690 3153 829 3226 ordinis
847 3154 985 3227 arbiter
1001 3187 1010 3239 ;
1037 3155 1161 3253 legum

117 3270 277 3366 deniqne
296 3269 461 3342 omniurn
479 3268 614 3341 author
640 3267 810 3363 latorque
838 3279 905 3357 est,
921 3280 1074 3364 propter
1103 3294 1161 3343 ra·

116 3383 237 3456 tiones
248 3383 368 3479 capite
378 3380 612 3479 praecedente
622 3380 810 3477 allegatas.

167 3495 235 3568 Ilst
248 3495 361 3569 etiarn
374 3494 527 3569 dominii
541 3494 712 3601 acquisiti
728 3518 844 3590 genus
857 3494 958 3567 aliud
971 3519 1037 3590 per
1049 3519 1161 3591 gene-

116 3610 310 3695 rationem,
325 3609 425 3705 quod
450 3619 646 3705 paternum
664 3608 822 3681 dicitur:
851 3609 955 3704 cujus
969 3609 1030 3703 jus
1046 3610 1161 3705 patris

116 3734 185 3812 est,
202 3747 278 3797 non
297 3720 385 3818 quia
395 3721 512 3794 filiurn
525 3721 665 3817 genuit,
679 3720 745 3793 sed
758 3720 846 3817 quia
858 3721 1044 3794 consensit
1054 3722 1161 3812 filius,

115 3836 176 3910 vel
185 3847 338 3934 propter
348 3835 421 3908 alia
430 3835 553 3930 aliqua
563 3844 791 3930 argumenta.
820 3834 864 3908 In
875 3835 1162 3931 uniuscujusque

117 3948 215 4021 enim
247 3948 316 4021 filii
343 3946 402 4020 vel
427 3947 513 4020 filiae
547 3946 796 4042 generatione,
825 3946 899 4020 duo
935 3962 1161 4022 concurrunt

116 4074 348 4158 generantes.
401 4060 441 4133 Si
459 4083 547 4156 ergo
574 4059 727 4132 dominii
749 4061 810 4157 jus
828 4060 906 4133 sola
922 4061 1161 4157 generatione

118 4173 427 4264 definiretur‚duo
438 4186 563 4247 essent
573 4173 727 4264 domini,
739 4174 873 4270 quibus
885 4175 1063 4247 ambobus
1074 4176 1162 4250 obe-

118 4288 196 4362 dire
204 4287 431 4386 impossibile
443 4299 510 4361 est.
540 4287 651 4362 Quod
662 4299 785 4361 autem
796 4287 1021 4383 scripserunt
1035 4288 1160 4386 aliqui,
