2926 4980
365 405 418 456 nu
439 404 630 458 orvrrnru
650 404 918 458 cunrs‘rmun.
1088 393 1160 458 323

121 594 210 644 num
236 584 360 646 autem
387 571 478 645 illud
501 584 581 645 erat
600 573 729 646 civitas
755 574 969 646 Judaeorum
991 573 1160 647 interra.
1193 604 1345 655 xxxvm.

122 685 248 773 Porro,
267 685 306 757 id
332 686 432 780 quod
455 685 546 758 dicit
571 685 742 759 Servator
761 699 888 761 noster
903 687 1054 778 (Matth.
1072 688 1159 760 xxii.
1173 684 1344 799 Dm

122 800 207 891 30):
235 798 274 868 in
292 797 568 870 rerurrectione
594 823 711 895 aeque
735 798 1005 898 nehemiaeque
1026 801 1160 874 nubea-
1172 769 1332 897 quamghabent

122 920 210 993 tar:
235 908 306 982 red
320 919 430 983 erunt
446 910 544 983 sicat
561 909 692 1007 angeli
709 911 787 985 Dei
809 912 848 984 ia
861 912 955 986 coelo
969 942 982 986 .·
1000 914 1160 1012 deserip·
1172 884 1344 1002 midias?

120 1025 172 1097 tio
191 1034 247 1097 est
264 1023 350 1096 vita
367 1033 524 1111 aterna,
543 1023 670 1096 similis
691 1026 769 1120 ejus
799 1049 909 1120 quam
935 1026 1160 1121 perdidimus

121 1137 160 1209 in
182 1137 337 1224 Adam0,
356 1146 536 1232 quatenus
556 1137 688 1210 attinet
713 1137 761 1209 ad
786 1138 1028 1212 matrimonia.
1080 1140 1162 1214 Nisi

121 1251 218 1323 euim
235 1261 448 1347 peccassent
464 1249 626 1323 Adamus
643 1262 681 1324 et
697 1251 785 1339 Eva,
802 1250 980 1325 vixissent
996 1253 1035 1325 in
1053 1253 1161 1326 Para·

121 1364 200 1437 diso
218 1364 383 1437 terrestri
400 1364 469 1459 ipsi
492 1363 569 1436 sine
591 1364 694 1460 prole
720 1364 759 1436 in
784 1375 1012 1460 perpetuum.
1064 1367 1162 1439 Nam

120 1478 152 1549 si
170 1478 265 1550 sicut
284 1478 450 1551 homines
473 1501 584 1562 nunc,
602 1478 655 1550 ita
679 1478 901 1550 immortales
930 1490 1161 1573 generarent,

122 1589 264 1663 deesset
285 1614 360 1663 non
386 1613 520 1686 magno
544 1601 709 1685 tempore
731 1591 834 1663 loeus
860 1591 1081 1681 hominibus,
1098 1593 1162 1666 uhi

120 1703 231 1799 pedes
248 1715 439 1799 ponerent.
489 1703 609 1775 Judaei
627 1703 689 1798 qui
707 1702 892 1777 Christum
912 1704 1161 1800 interrogave-

121 1829 217 1905 rant,
236 1818 340 1912 eujus
367 1840 460 1888 uxor
488 1815 613 1887 sutura
630 1827 724 1888 esset
740 1814 890 1889 foemina
906 1817 969 1890 illa
984 1817 1022 1890 in
1040 1842 1161 1892 resur-

120 1929 293 2017 reetione,
309 1927 355 2001 de
373 1928 642 2024 consequentiis
660 1929 748 2000 vitre
766 1938 911 2002 ceterae
927 1954 1003 2003 non
1020 1932 1161 2027 eogita-

120 2053 273 2126 verant;
301 2041 424 2136 itaque
453 2041 561 2114 docet
590 2040 670 2114 illos
688 2041 867 2127 Christus
886 2043 1160 2137 generationem

121 2155 311 2229 hominum
328 2179 402 2228 non
419 2156 535 2251 magis
553 2155 715 2227 futuram
732 2178 810 2226 esse
830 2154 869 2226 in
893 2158 1160 2230 resurrectione

121 2292 231 2363 quam
261 2268 485 2364 angelorum.
547 2267 781 2362 Comparatio
811 2267 892 2341 haec
921 2268 1017 2341 inter
1046 2269 1160 2341 airam

30 2433 32 2436 -
120 2391 295 2455 aternam
323 2382 369 2454 ab
400 2380 542 2453 Adamo
569 2380 749 2469 amissam,
767 2390 805 2453 et
827 2405 850 2452 a
874 2381 1020 2455 Christo
1043 2394 1161 2455 morte

120 2517 187 2568 sua
203 2494 423 2583 restitutam,
443 2493 553 2566 etiam
569 2493 608 2564 in
630 2492 702 2566 hoe
725 2516 888 2588 congrua
908 2505 974 2584 est,
993 2496 1094 2592 quod
1114 2496 1161 2568 si-

121 2619 185 2680 cut
202 2608 376 2695 Adamus,
394 2607 464 2680 etsi
481 2607 594 2678 vitam
612 2615 787 2679 aternam
810 2618 962 2703 peccato
986 2633 1052 2682 suo
1079 2633 1161 2706 per-

121 2721 227 2810 didit,
244 2721 335 2793 vixit
352 2733 476 2793 tamen
492 2731 622 2816 postea
638 2720 878 2815 aliquamdiu;
897 2721 950 2795 ita
963 2722 1162 2795 Christiani

120 2834 246 2907 fideles
263 2835 376 2906 vitam
395 2843 570 2906 aternam
588 2845 705 2907 morte
723 2834 859 2907 Christi
877 2847 1105 2931 receperunt,
1123 2847 1161 2908 et

120 2958 244 3019 tamen
278 2947 484 3020 moriuntur
515 2960 632 3021 morte
658 2947 828 3036 naturali,
860 2960 898 3020 et
928 2949 1063 3021 mortui
1094 2949 1160 3022 ali-

121 3060 296 3156 quamdiu
327 3071 487 3150 manent,
517 3062 690 3134 nimirum
713 3062 900 3156 usquead
924 3063 1159 3136 resurrectio-

121 3197 217 3247 nem.
270 3174 374 3248 Sicut
399 3175 497 3247 enim
522 3199 619 3248 mors
646 3186 856 3271 computata
877 3187 932 3249 est
949 3175 987 3247 in
1004 3175 1159 3264 Adam0,

121 3309 197 3360 non
214 3311 237 3360 a
254 3287 570 3377 condemnatione,
590 3287 654 3360 sed
671 3288 716 3359 ab
735 3288 814 3383 ipsa
826 3300 966 3370 morte;
985 3289 1037 3360 ita
1050 3290 1160 3361 etiarn

121 3399 322 3472 electorum
339 3400 416 3471 vita
431 3400 477 3472 ab
501 3400 727 3473 absolutione
748 3401 824 3472 sive
847 3401 1059 3474 remissione
1076 3426 1161 3498 pec-

121 3525 299 3600 catorum,
316 3536 391 3584 non
409 3535 432 3584 a
448 3513 713 3586 resurreetione
732 3524 976 3609 computatur.

173 3625 283 3700 Quod
310 3625 423 3713 loeus,
442 3625 479 3696 in
508 3649 581 3720 quo
605 3627 644 3697 in
667 3636 843 3697 aeteruum
866 3637 950 3721 post
979 3650 1161 3700 resurrec-

121 3740 261 3812 tionem
294 3737 494 3810 habitaturi
523 3750 609 3811 sunt
639 3739 756 3827 electi,
781 3738 829 3810 sit
857 3740 1001 3829 coelum,
1025 3741 1064 3813 id
1094 3752 1161 3829 est,

121 3862 244 3947 partes
271 3850 343 3922 illae
365 3875 447 3946 quae
473 3876 496 3923 a
516 3864 616 3924 terra
637 3850 891 3925 remotissimae
918 3865 1014 3942 sunt,
1032 3865 1073 3925 ut
1100 3854 1164 3926 ubi

122 3975 210 4036 sunt
227 3963 354 4052 stellae,
374 3975 438 4035 aut
454 3963 574 4036 adhuc
591 3963 699 4036 altius
717 3965 756 4036 in
773 3964 866 4036 coelo
886 3966 985 4060 quod
1011 3977 1164 4039 vocatur

122 4076 210 4166 (non
229 4075 267 4147 in
286 4076 476 4171 Scriptura
494 4077 619 4170 Sacra)
635 4102 857 4174 empyreum,
875 4102 949 4150 non
971 4080 1165 4151 confirma-

122 4199 185 4261 tur
214 4190 260 4261 ab
289 4189 376 4277 ullo,
398 4189 497 4284 quod
521 4189 645 4278 sciam,
674 4201 779 4264 textu
806 4190 1004 4287 Scripturae
1031 4192 1163 4265 Sacrae.

125 4303 296 4398 Regnum
317 4302 467 4399 quidem
491 4302 559 4375 Dei
585 4302 718 4375 coelum
744 4302 994 4390 inhabitantis,
1011 4328 1166 4401 regnum

984 4440 1045 4490 ua
