2926 4980
330 330 401 398 126
720 349 775 400 na
795 346 977 402 souma.

130 542 209 592 car.
222 543 295 595 xvr.
326 515 508 612 negativa
525 517 764 606 abundantes
782 529 826 591 ut
848 520 980 614 quibus
997 543 1072 592 non
1089 519 1367 610 contradicitur,

126 627 278 744 „effi
325 651 503 724 personae,
518 630 557 703 id
573 642 639 720 est,
653 631 817 704 omnium
827 656 901 705 vox
918 644 997 717 est;
1015 656 1101 705 nam
1115 633 1266 731 alioqui,
1281 659 1368 708 con-

126 752 292 798 asumma
325 743 385 815 tra
400 754 582 833 naturam,
600 767 758 839 persona
774 757 878 818 muta
894 757 1000 818 esset.

376 855 416 928 Si
449 879 606 951 persona
638 869 904 953 repraesentans
945 882 990 931 ex
1023 858 1189 954 pluribus
1224 871 1368 933 constet

324 992 477 1042 numero
494 971 656 1066 paribus,
674 972 880 1066 praesertim
903 996 1028 1068 parvo,
1046 972 1238 1068 continget
1255 996 1368 1069 saepe·

324 1104 488 1169 numem,
506 1084 761 1179 negationibus
791 1097 829 1158 et
856 1085 1158 1159 affirmationibus
1181 1109 1220 1158 se
1238 1100 1367 1160 mutuo

324 1195 633 1290 extinguentibus
654 1220 846 1293 personam
873 1198 953 1271 fieri
978 1212 1131 1286 mutam,
1148 1209 1185 1271 et
1211 1199 1366 1295 proinde

323 1308 490 1382 inutilem
507 1320 545 1382 et
566 1310 699 1407 agendi
727 1310 950 1407 incapacem.
1003 1311 1128 1384 Potest
1144 1323 1268 1385 tamen
1284 1314 1366 1386 fieri

321 1432 366 1495 ut
375 1446 484 1496 voces
496 1423 1020 1521 contradictoriae,eaedemque
1030 1425 1189 1521 aequales
1199 1448 1365 1516 numero,

323 1536 564 1630 quaestionem
585 1536 854 1623 determinent;
880 1549 923 1611 ut
939 1539 978 1611 in
995 1538 1302 1629 accusationibus
1321 1565 1364 1614 eo

322 1647 402 1744 ipso
415 1673 519 1722 reum
528 1650 734 1740 absolvunt,
747 1651 847 1748 quod
858 1652 1103 1726 condemnare
1116 1675 1200 1724 eum
1213 1665 1365 1750 propter

322 1785 431 1835 voces
441 1763 600 1859 aequales
610 1787 686 1836 non
698 1776 853 1861 possunt
865 1797 875 1850 ;
890 1776 929 1838 at
940 1777 1080 1854 contra,
1092 1789 1167 1838 non
1178 1766 1365 1840 absolvere

322 1896 398 1946 non
412 1887 469 1947 est
482 1875 740 1948 condemnare.
793 1875 896 1949 Idem
911 1878 1143 1974 contingeret
1160 1876 1364 1952 deliberan-

321 1986 419 2060 tibus
432 1999 557 2061 utrum
571 1988 710 2084 aliquid
720 1990 842 2063 statim
857 1990 1065 2065 faciendum
1079 1991 1139 2080 sit,
1150 2015 1198 2064 an
1211 1991 1250 2064 in
1263 1992 1365 2065 aliud

320 2112 465 2198 tempus
495 2102 749 2176 differendum.
805 2104 860 2176 Eo
887 2105 986 2177 enim
1013 2105 1113 2201 quod
1142 2121 1364 2201 praesentem

321 2215 574 2289 executionem
592 2240 667 2289 non
684 2217 900 2307 decernunt,
916 2218 1118 2291 decernunt
1135 2217 1361 2292 dilationem.

371 2330 496 2416 Porro,
515 2329 545 2402 si
561 2352 735 2402 numerus
759 2329 878 2426 impar
903 2331 962 2420 sit,
979 2341 1022 2403 ut
1047 2342 1123 2403 tres
1139 2330 1198 2402 vel
1216 2331 1360 2427 plures;

320 2442 505 2540 siquidem
522 2468 594 2516 vox
610 2444 719 2516 unius
745 2443 893 2517 tolleret
908 2467 1017 2517 voces
1035 2443 1261 2541 reliquorum
1278 2468 1363 2516 con·

320 2556 566 2648 tradictorias‚
577 2581 751 2631 numems
762 2557 824 2630 ille
834 2580 993 2653 persona
1005 2581 1081 2630 non
1092 2568 1201 2643 esset,
1210 2570 1363 2653 propter

320 2669 567 2744 diversitatem
578 2670 792 2767 opinionum
803 2681 841 2742 et
854 2671 1084 2766 appetituum
1098 2669 1137 2742 in
1148 2670 1257 2743 rebus
1268 2671 1362 2743 mul-

251 2842 254 2848 .
320 2783 368 2855 tis
396 2795 434 2856 et
460 2784 609 2856 maximi
634 2783 823 2856 momenti.
876 2783 984 2856 Muta
1006 2783 1103 2855 enim
1129 2795 1225 2857 esset
1250 2794 1288 2856 et
1314 2784 1362 2857 ad

319 2894 503 2991 agendum
521 2896 657 2992 inepta.

369 3009 577 3081 Authornm
588 3007 661 3081 duo
674 3020 760 3080 sunt
772 3031 919 3104 genera.
974 3008 1067 3080 Sunt
1078 3009 1176 3081 enim
1193 3009 1256 3081 alii
1273 3009 1362 3082 sim-

318 3121 464 3217 pliciter
481 3123 677 3206 authores;
704 3122 749 3195 de
763 3122 895 3218 quibus
912 3121 1021 3195 modo
1035 3120 1175 3194 dictum
1193 3133 1272 3195 est:
1299 3123 1361 3195 alii

320 3235 616 3309 conditionaliter
629 3246 774 3308 tantum
790 3266 799 3318 ;
826 3246 869 3307 ut
887 3235 949 3331 qui
965 3246 1116 3330 pactum
1132 3249 1308 3330 praestare
1320 3235 1361 3308 in

318 3372 357 3421 se
388 3349 531 3445 recipit,
555 3348 585 3421 si
610 3348 654 3438 is,
672 3348 735 3443 qui
765 3360 895 3443 pactus
922 3357 987 3436 est,
1006 3357 1091 3420 ante
1118 3348 1360 3421 constitutum

318 3463 416 3535 diem
442 3487 518 3535 non
544 3461 769 3558 praestiterit.
821 3462 945 3557 Atque
966 3461 1017 3550 hi,
1036 3485 1256 3558 quamquam
1273 3462 1360 3535 fidei

318 3576 496 3649 habendae
522 3577 695 3649 authores
717 3587 815 3658 sunt,
830 3576 909 3648 aliis
926 3589 1051 3648 tamen
1067 3575 1277 3649 nominibus
1291 3599 1360 3672 pro

318 3690 429 3762 variis
456 3690 643 3763 actionum
676 3689 871 3784 generibus
896 3689 1118 3778 vocitantur,
1145 3699 1188 3763 ut
1211 3688 1360 3784 fidejus-

318 3825 431 3892 sores,
450 3826 658 3898 sponsores,
676 3801 829 3898 praedeS,
847 3801 970 3874 vades.
