2926 4980
407 395 461 447 nn
482 394 676 447 crvmara
697 393 965 448 coinsertus.
1133 378 1206 446 389

165 564 272 652 thina,
291 563 424 637 Paulus
441 574 478 636 et
496 562 696 651 Barnabas,
714 586 848 660 nempe
872 562 1051 637 Matthias
1077 561 1124 634 ab
1149 583 1207 634 eo·
1229 590 1308 644 cip.
1321 588 1408 642 χιιι.

166 678 276 752 clesia
293 677 640 773 Hierosolymitana,
659 687 697 749 et
714 676 848 751 Paulus
868 701 953 750 cum
973 674 1143 749 Barnaba
1159 672 1206 746 ab
1244 670 1396 794 Μ,

117 808 120 814 ·
166 792 320 865 ecclesia
336 790 591 874 Antiochena3
618 789 671 862 ita
695 789 807 863 etiam
834 790 873 863 in
899 789 980 862 aliis
997 787 1207 861 civitatibus
1243 798 1397 845 adam

166 905 372 1003 presbyteri
389 915 427 976 et
443 914 608 999 pastores
620 903 666 975 ab
685 902 859 992 ecclesiis,
877 926 959 998 quae
977 911 1083 974 erant
1100 899 1139 973 in
1155 899 1208 972 ci-

167 1018 340 1093 vitatibus
358 1016 440 1104 illis,
454 1016 694 1112 eligebantur.
746 1016 917 1112 Legimus
931 1016 1029 1109 (Act.
1048 1015 1120 1088 xiv.
1139 1012 1205 1108 23)

168 1132 320 1206 Paulum
338 1142 376 1202 et
394 1130 601 1202 Bamabam
618 1130 850 1225 presbyteros
867 1129 905 1202 in
929 1128 1092 1203 ecclesiis
1110 1127 1208 1201 ordi-

167 1270 274 1319 nasse
290 1276 299 1329 ;
326 1243 364 1317 id
392 1242 491 1338 quod
522 1242 638 1338 accipi
661 1241 757 1315 forte
777 1242 830 1315 ita
847 1252 979 1338 potest,
997 1265 1041 1314 ac
1059 1241 1091 1313 si
1107 1263 1207 1337 pres-

167 1359 306 1457 byteris
336 1356 603 1429 authoritatem
627 1354 816 1427 dedissent
842 1354 923 1450 ipsi.
976 1354 1209 1428 Intuentibus

168 1486 293 1545 autem
310 1481 450 1543 textum
464 1469 633 1542 Graecum
646 1468 753 1542 aliter
768 1468 964 1543 videbitur.
1003 1470 1099 1542 Nam
1117 1468 1210 1541 elec·

168 1586 221 1659 tio
235 1608 362 1657 eorum
373 1584 486 1656 fiebat
496 1606 562 1678 per
574 1583 805 1680 χειροτόυησιιι,
817 1582 855 1655 id
873 1594 940 1672 est,
950 1607 1017 1679 per
1035 1605 1208 1655 manuum

170 1697 434 1780 elevationem;
467 1695 529 1790 qui
556 1693 686 1767 modus
714 1694 825 1767 etiam
856 1706 945 1768 tunc
973 1696 1011 1768 in
1039 1694 1209 1793 eligendo

169 1810 407 1906 magistratus
433 1808 557 1881 civiles
585 1808 623 1880 in
651 1808 819 1881 omnibus
835 1807 912 1882 fere
938 1809 1148 1883 civitatibus
1165 1833 1209 1882 eo

170 1937 335 2019 tempore
349 1923 387 1995 in
399 1947 468 1994 usu
479 1932 569 1994 erat.
588 1922 823 2019 Presbyteros
838 1946 925 2018 ergo
939 1946 1023 1996 suos
1036 1947 1210 2020 unaquae·

171 2061 242 2133 que
261 2036 417 2132 eligebat
432 2036 596 2109 ecclesia.
635 2035 805 2132 Apostoli
818 2048 1020 2108 conventus
1031 2036 1211 2110 Christia-

171 2173 303 2222 norum
326 2149 592 2237 convocabant,
610 2148 649 2220 in
672 2146 742 2220 illis
764 2148 1020 2244 praesidebant,
1038 2150 1213 2246 suffragia

172 2261 404 2357 colligebant,
432 2260 589 2334 electum
623 2260 915 2355 pronuntiabant
948 2270 986 2333 et
1018 2261 1212 2335 benedice-

171 2376 273 2464 bant,
300 2375 369 2462 vel,
396 2386 438 2447 ut
471 2398 569 2447 nunc
595 2373 807 2470 loquuntur,
839 2375 1114 2464 consecrabant,
1146 2374 1212 2448 sed

171 2513 247 2562 non
265 2488 461 2584 eligebant.
505 2487 690 2561 Quoniam
708 2509 796 2582 ergo
814 2487 852 2559 in
867 2488 1035 2560 omnibus
1049 2488 1212 2561 ecclesiis

172 2612 337 2699 pastores
363 2600 433 2673 hoc
461 2601 571 2674 modo
600 2600 841 2695 eligebantur,
859 2601 923 2673 nbi
947 2600 1102 2698 legimus
1123 2601 1210 2694 (Tit.

172 2717 197 2789 i.
217 2716 255 2808 5)
276 2714 461 2811 apostolos
491 2713 728 2786 constituisse
750 2724 917 2809 pastores
942 2713 1095 2810 aliquos,
1114 2714 1212 2788 idem

173 2829 357 2924 significat
368 2826 605 2900 constituisse
620 2826 719 2922 quod
737 2829 970 2924 χειροτονῆσαι,
983 2828 1041 2901 vel
1064 2828 1212 2924 eligere,

173 2965 239 3037 per
267 2941 441 3036 suffragia
466 2941 635 3013 manibus
662 2940 811 3013 elevatis
837 2940 934 3028 data,
952 2941 1011 3014 vel
1034 2940 1141 3031 fabis,
1154 2941 1213 3016 vel

174 3054 305 3151 lapillis
322 3055 361 3126 in
379 3077 510 3127 urnam
528 3054 715 3150 conjectis.
768 3054 811 3127 In
828 3054 979 3126 urbibus
996 3066 1131 3145 autem,
1147 3055 1213 3128 ubi

174 3170 304 3243 modus
332 3169 552 3242 electionum
586 3168 679 3240 alius
712 3191 911 3262 numquam
946 3169 1045 3242 visus
1079 3168 1212 3258 fuerat,

175 3285 389 3358 electionem
408 3282 601 3355 aliusmodi
619 3283 716 3355 cives
733 3305 871 3370 omnes,
889 3281 964 3354 sive
982 3282 1121 3355 ethnici
1137 3282 1213 3355 sive

175 3396 384 3484 Christiani,
399 3395 569 3468 admirati
584 3405 716 3468 essent.
768 3395 897 3490 Neque
915 3397 1140 3492 temporibus
1158 3419 1214 3468 se-

174 3510 369 3606 quentibus
393 3509 553 3605 episcopi
575 3508 645 3604 ipsi
668 3509 774 3581 aliter
792 3508 900 3581 electi
918 3522 1023 3581 erant
1040 3533 1150 3604 quam
1166 3508 1213 3581 ab

174 3624 336 3697 ecclesiis
360 3621 585 3718 singularum
605 3622 763 3710 urbium,
778 3621 894 3694 donec
912 3621 958 3693 de
976 3620 1214 3694 electionibus

174 3748 336 3834 coeptum
354 3747 410 3807 est
426 3734 594 3830 pugnari.

225 3851 473 3924 Confirmatur
499 3847 597 3920 idem
614 3872 638 3920 a
658 3848 832 3921 diuturna
847 3848 886 3921 in
904 3850 1083 3949 episcopis
1100 3849 1213 3945 ipsius

175 3955 302 4037 Romae
327 3961 504 4058 eligendis
528 3961 803 4035 consuetudine.
856 3962 952 4036 Nam
971 3965 1000 4037 si
1019 3965 1056 4037 in
1071 3964 1145 4038 ulla
1161 3964 1212 4037 ci·

174 4078 288 4150 vitate
319 4076 522 4172 episcopus,
550 4073 588 4146 in
618 4075 728 4148 aliam
758 4075 883 4148 sedem
908 4077 1130 4172 migraturus
1155 4080 1213 4152 vel

174 4190 386 4277 moriturus
403 4210 649 4261 successorem
668 4213 774 4263 suum
799 4191 1045 4265 constituendi
1071 4195 1132 4288 jus
1148 4193 1214 4268 ha-

174 4303 326 4393 buisset,
344 4303 461 4375 multo
479 4302 595 4398 magis
613 4303 803 4400 episcopus
822 4305 1009 4380 Romanus
1039 4308 1130 4382 illud
1153 4311 1214 4406 jus
