2926 4980
295 366 340 433 lu
672 376 725 427 nn
745 375 925 427 noman.

124 586 193 637 ,ῃ
209 586 244 629 ςι,
290 546 511 647 mio
531 544 593 619 illa
618 543 823 643 composito
845 554 924 628 est;
951 555 990 615 et
1019 542 1111 615 nihil
1133 541 1235 614 aliud
1261 550 1319 614 est

128 682 147 695 ·
172 672 244 693 “““
290 662 651 759 prffln'gmentum
667 657 792 731 animi.
843 656 973 728 Multae
995 656 1105 728 etiam
1127 655 1209 728 aliae
1226 654 1317 727 ima-

106 740 279 785 ¹ffl
289 776 491 871 gnaram
506 772 545 845 in
561 771 780 858 hominibus,
798 769 910 842 etiam
928 767 1174 865 vigilantibus
1193 768 1318 841 oriun-

289 906 351 961 tur
372 910 396 959 a
421 908 554 981 magna
576 883 812 981 impressione
838 882 937 956 facta
964 883 1167 956 sentiendo.
1220 882 1318 954 Nam

288 1002 335 1075 ab
351 1000 493 1073 intento
509 1008 660 1094 mpectu
675 997 714 1069 in
730 996 845 1070 solem
860 997 1081 1093 relinquitur
1094 1007 1181 1068 ante
1192 995 1320 1068 oculos

288 1114 399 1211 lamro
414 1124 496 1209 post
508 1126 672 1208 tempore
683 1111 920 1206 imaguncula
929 1112 1027 1199 solia,
1041 1110 1145 1207 quasi
1155 1109 1317 1193 macula;

288 1248 325 1301 st
340 1250 365 1301 a
379 1226 491 1321 longa
507 1237 545 1298 et
562 1224 776 1296 vehemente
789 1225 995 1297 attentione
1012 1224 1059 1297 ad
1076 1224 1213 1319 figuras
1229 1246 1318 1317 geo-

287 1340 458 1415 metricas
473 1338 712 1435 apparebunt,
739 1337 849 1410 etiam
875 1337 913 1409 in
937 1336 1098 1410 tenebris
1113 1347 1152 1409 et
1166 1335 1319 1431 vigilan-

287 1454 398 1531 utus
421 1464 508 1525 aute
530 1449 654 1524 oculos
681 1448 788 1522 lineae
815 1449 1023 1546 angelique.
1076 1449 1186 1523 Quod
1201 1471 1320 1545 genus

287 1565 488 1667 phalnasiae
503 1588 551 1637 an
568 1587 701 1636 nomen
726 1563 914 1659 proprium
938 1563 1074 1635 habeat
1090 1586 1219 1653 necne,
1235 1585 1321 1635 nes-

288 1680 367 1755 cio:
383 1702 466 1751 cum
476 1676 524 1749 sit
539 1699 597 1748 res
608 1675 653 1748 de
665 1700 737 1772 qna
746 1676 912 1749 homines
927 1700 1003 1749 non
1016 1699 1113 1772 saepe
1123 1676 1318 1748 disserunt.

339 1789 619 1886 Imaginationes
636 1787 895 1861 dormientium
906 1801 993 1863 sunt
1005 1790 1157 1862 comnia.
1196 1790 1319 1885 Atque
1424 1784 1426 1791 ’

288 1910 367 1985 hren
382 1926 537 2002 qnoque,
555 1903 652 1975 sicut
667 1903 948 1998 imaginationes
975 1914 1130 1990 caetera,
1152 1914 1238 1976 ante
1256 1928 1320 1976 ex-

288 2022 453 2104 titerunt,
470 2017 528 2089 vel
548 2016 703 2112 integrae
720 2017 778 2089 vel
794 2041 861 2113 per
883 2029 1019 2115 panea,
1037 2017 1077 2090 in
1101 2041 1221 2090 sensu.
1271 2018 1320 2089 Et

289 2131 459 2233 quoniam
481 2128 520 2202 in
547 2151 675 2202 somno
698 2131 889 2203 cerebrum
915 2142 954 2203 et
978 2131 1094 2220 nervi,
1124 2154 1207 2225 quae
1233 2142 1320 2204 sunt

289 2242 464 2323 sensionis
488 2265 626 2338 organa
650 2244 868 2332 necessaria,
892 2245 946 2317 ita
970 2246 1180 2341 stupefiunt,
1205 2257 1248 2317 nt
1271 2246 1319 2318 ab

289 2358 430 2435 actione
447 2367 683 2427 externorum
701 2357 928 2452 objectorum
949 2359 1089 2430 moveri
1114 2356 1221 2430 facile
1244 2381 1320 2431 non

288 2470 440 2573 possint,
469 2466 733 2540 dormientibus
757 2469 969 2565 contingere
986 2469 1201 2566 imaginatio
1218 2470 1321 2542 nulla

288 2593 419 2687 potest,
437 2580 602 2676 adeoque
628 2580 811 2653 somnium
836 2582 989 2670 nullum,
1015 2582 1086 2655 nisi
1113 2583 1211 2678 quod
1236 2608 1322 2680 pro-

289 2695 393 2775 cedat
417 2693 463 2765 ab
489 2693 691 2789 agitatione
719 2694 880 2789 partium
903 2695 1131 2768 internarum
1157 2696 1321 2792 corporis

288 2806 497 2890 sentientis;
525 2829 606 2902 quae
623 2818 746 2902 partes
765 2806 932 2896 internae,
956 2819 1107 2904 propter
1125 2811 1322 2882 connexio-

288 2946 372 2999 nem
388 2943 472 2992 cum
495 2919 644 2992 cerebro
662 2920 816 3013 aliisque
839 2921 998 3016 organis,
1022 2921 1236 3017 intemperie
1255 2947 1321 2996 sua

288 3032 483 3131 aliquando
501 3044 735 3105 commovent
752 3055 903 3128 organa,
916 3033 1129 3130 faciuntque
1146 3044 1188 3105 ut
1204 3035 1322 3129 phan-

289 3158 444 3224 tasmata
471 3145 682 3218 antefacta
710 3160 911 3241 appareant
939 3158 1115 3242 tanquam
1142 3146 1320 3242 vigilanti.

291 3261 364 3337 Sed
392 3258 566 3355 quoniam
596 3281 735 3353 organa
768 3281 941 3330 sensuum
975 3260 1122 3332 occlusa
1154 3283 1253 3332 nunc
1284 3261 1322 3332 in

289 3397 416 3449 somno
435 3383 702 3468 supponuntur,
720 3371 771 3444 ita
788 3383 831 3445 ut
857 3373 1042 3468 objectum
1068 3373 1168 3445 aliud
1185 3397 1322 3446 novum

289 3486 432 3560 nonsit
458 3484 557 3581 quod
584 3508 628 3557 ea
654 3485 831 3558 offuscare
857 3498 993 3581 posset,
1020 3509 1169 3559 necesse
1197 3498 1323 3560 estut

289 3600 464 3685 somnium
481 3598 613 3671 clarius
631 3600 679 3672 sit
696 3599 734 3671 in
751 3599 821 3672 hoc
845 3623 1016 3673 sensuum
1034 3600 1193 3690 silentio,
1213 3625 1323 3698 quam

290 3725 375 3787 sunt
405 3710 683 3807 imaginationes
709 3711 949 3807 vigilantium.
1001 3713 1123 3810 Atque
1149 3714 1235 3787 hinc
1267 3727 1324 3789 est

291 3825 389 3921 quod
416 3823 562 3899 difficile
589 3824 649 3914 sit,
677 3837 715 3898 et
741 3826 865 3898 multis
892 3826 1062 3900 videatur
1088 3828 1323 3924 impossibile,

289 3939 385 4010 inter
415 3946 561 4010 sensum
594 3950 634 4010 et
667 3938 850 4011 somnium
884 3938 1109 4035 distinguere
1139 3954 1322 4014 accurate.

289 4052 381 4145 Ego,
396 4050 538 4146 quoties
557 4050 749 4123 considero
767 4050 867 4146 quod
884 4049 1083 4125 insomniis
1095 4077 1214 4148 neque
1228 4078 1324 4148 saepe

291 4185 409 4257 neque
437 4174 649 4236 constanter
678 4162 805 4234 eadem
833 4163 989 4258 objecta,
1017 4164 1109 4254 loca,
1138 4188 1324 4261 personas,

289 4276 524 4370 actionesque
555 4275 746 4369 imaginor,
778 4298 861 4369 quae
886 4275 1062 4370 vigilans3
1098 4301 1219 4373 neque
1248 4288 1324 4350 tam
