2926 4980
521 347 575 399 aa
596 347 779 399 nonina.
1127 333 1175 398 29

119 526 311 588 mutamus
337 514 620 611 aliquantulum,
654 528 692 590 et
716 517 798 589 loco
824 513 981 588 niventis
1006 514 1176 610 ponimus

120 628 272 711 ritam5
297 628 378 701 loco
406 629 496 702 moti
521 630 696 727 eorporis
714 631 886 725 ponimus
904 637 1037 700 matam
1053 656 1066 709 ,·
1093 628 1176 700 loeo

121 742 260 831 calidi,
286 741 451 814 calorem
462 770 477 826 ;
503 742 585 815 loeo
603 742 722 841 longi,
750 740 1047 839 longitudinem
1073 753 1111 812 et
1128 741 1177 813 si-

122 856 264 927 militer
276 856 314 927 in
329 856 488 928 eaeteris.
532 857 616 931 Quo
629 857 741 943 facto,
754 855 905 928 nomina
918 853 980 927 illa
996 878 1073 927 nou
1091 864 1178 926 sunt

121 968 278 1040 nomina
304 968 470 1041 materiae
497 969 573 1041 sive
590 969 766 1065 corporis,
784 967 849 1041 sed
867 967 1113 1040 accidentium
1139 978 1177 1038 et

122 1083 398 1178 proprietatum
417 1083 548 1177 quibus
561 1107 694 1178 eorpus
712 1106 735 1155 a
752 1104 906 1177 corpore
925 1079 1175 1175 distinguitur.

124 1195 374 1291 Appellantur
398 1206 523 1268 autem
548 1195 757 1291 hujusmodi
782 1193 932 1265 nomina
964 1192 1175 1280 abstracta,

123 1331 204 1380 non
229 1308 333 1404 quod
357 1309 619 1381 abstrahantur
643 1331 667 1381 a
693 1307 859 1394 materia,
877 1305 942 1378 sed
963 1329 986 1378 a
1011 1305 1176 1378 materiae

124 1422 420 1518 computatione.

176 1534 317 1624 Tertio,
352 1527 391 1607 in
416 1534 578 1606 rationes
604 1534 795 1607 inferimus
820 1533 1064 1630 proprietates
1095 1532 1175 1605 illas

126 1649 263 1746 quibus
287 1648 359 1743 ipsi
385 1670 445 1719 res
470 1646 750 1743 distinguimus:
778 1648 874 1719 siout
900 1646 1047 1743 quando
1073 1645 1175 1718 oide-

125 1786 208 1834 mna
234 1760 388 1857 aliquid,
405 1784 481 1832 uon
499 1773 755 1856 computamus
780 1784 924 1856 semper
949 1784 1027 1833 rem
1044 1760 1175 1848 risam,

125 1874 194 1947 sed
228 1875 417 1963 visionem,
444 1873 615 1963 colorem,
649 1874 726 1948 sive
753 1874 877 1947 ideam
905 1875 980 1946 sive
1008 1874 1061 1946 rei
1088 1875 1176 1946 visae

120 1988 381 2086 phantasma:
408 1987 576 2060 similiter
588 1987 736 2084 quando
756 1987 939 2075 andimus,
953 2010 1020 2084 pro
1034 2010 1075 2058 re
1086 1986 1176 2082 ipsa,

127 2125 213 2196 quae
241 2123 374 2172 sonum
400 2098 502 2188 facit,
528 2124 654 2172 ronam
678 2099 755 2173 sive
782 2099 1009 2173 auditionem
1031 2110 1177 2172 tantum

128 2211 417 2284 consideramus.
468 2213 517 2284 Et
534 2213 586 2284 sie
601 2211 647 2284 de
664 2212 806 2285 caeteris
823 2212 1150 2307 phantasmatibus.

180 2325 340 2414 Quarto,
359 2325 397 2397 in
415 2325 576 2398 rationes
588 2325 778 2398 inferimus
789 2326 1010 2421 quandoque
1027 2327 1178 2398 nomina

129 2438 293 2534 ipsorum
305 2438 496 2510 nominum
510 2448 547 2511 et
560 2461 782 2527 sermonum,
794 2438 971 2527 dicentes,
982 2438 1178 2536 generate,

132 2550 358 2639 universale,
393 2550 574 2648 speciale,
601 2552 802 2639 univocam,
829 2551 1060 2649 (equivocum,
1096 2576 1179 2647 quae

133 2678 220 2737 sunt
246 2664 400 2738 nomina
422 2665 624 2737 nominum.
677 2665 773 2737 Item
802 2664 1096 2759 affirmationem,
1124 2665 1180 2737 in-

134 2779 443 2878 terrogationem,
472 2788 722 2877 preceptum,
761 2778 1029 2862 narrationem,
1063 2777 1142 2875 apli
1163 2823 1179 2835 -

131 2893 304 2990 giamnm,
322 2890 540 2980 arationem,
568 2891 712 2987 aliaque
741 2891 920 2987 ejusmodi
946 2893 1073 2981 multa,
1097 2916 1180 2987 quae

134 3017 221 3079 sunt
237 3004 389 3077 nomina
402 3004 620 3078 orationum.
662 3006 785 3098 Atque
795 3005 875 3077 haee
886 3005 1044 3078 varietas
1062 3004 1180 3078 omnis

135 3130 193 3190 est
223 3117 415 3191 nominum
442 3118 694 3216 positivorum
727 3116 1014 3213 significantium
1042 3117 1182 3215 aliquid

135 3255 264 3304 eorum
295 3254 377 3326 quae
404 3240 490 3303 sunt
515 3231 554 3304 in
574 3243 710 3304 natura
725 3254 859 3320 rerum,
878 3231 936 3304 vel
954 3257 1081 3306 eorum
1100 3256 1182 3328 quae

138 3345 264 3418 animo
280 3354 436 3440 possunt
454 3344 554 3440 fingi,
572 3356 615 3417 ut
638 3368 793 3441 corpora
820 3370 902 3441 quae
926 3357 1012 3419 sunt
1028 3347 1085 3418 vei
1103 3369 1182 3417 esse

136 3457 254 3530 videri
278 3468 446 3554 possunt,
464 3458 524 3531 vel
541 3469 584 3530 ut
607 3459 853 3554 proprietates
877 3482 1073 3555 corporum
1099 3482 1181 3553 quae

138 3582 223 3643 sunt
239 3570 298 3643 vel
314 3593 394 3642 esse
408 3569 524 3642 videri
541 3583 714 3666 possunt;
733 3572 791 3644 vel
805 3573 917 3644 verba
930 3583 969 3643 et
983 3594 1181 3644 sermones.

189 3683 284 3756 Sunt
311 3692 349 3754 et
376 3682 449 3755 alia
477 3683 629 3756 nomina
654 3685 845 3781 negativa,
864 3708 947 3780 quae
972 3683 1183 3778 significant

138 3820 274 3870 nomen
308 3796 460 3892 aliquod
493 3821 629 3870 nomen
662 3797 715 3869 rei
745 3797 944 3893 propositae
977 3820 1052 3868 non
1082 3820 1182 3879 esse;

139 3910 262 4007 qualia
289 3924 377 3983 sunt
405 3910 514 3997 nihii,
540 3935 655 4000 nemo,
682 3911 719 3982 in
748 3910 875 3999 mitam,
902 3909 1076 3999 indocile,
1104 3910 1184 3983 tria

138 4024 258 4096 minna
285 4034 461 4121 quatuor,
479 4035 517 4098 et
541 4024 673 4097 similia
686 4004 707 4107 3⁸
723 4048 806 4120 quae
826 4036 950 4097 tamen
974 4024 1012 4096 in
1030 4023 1184 4097 rationi-

138 4137 207 4210 bus
221 4160 329 4210 usum
345 4160 451 4210 suum
468 4137 620 4225 habent,
637 4137 695 4210 vel
712 4137 750 4210 in
769 4136 988 4232 corrigendo
1004 4138 1064 4210 vel
1081 4162 1184 4210 revo-

140 4249 281 4332 cand03
309 4248 395 4346 quia
421 4248 563 4321 faciunt
575 4260 619 4320 ut
634 4250 786 4323 nomina
802 4274 878 4322 non
895 4260 995 4322 reete
1013 4249 1184 4346 imposita

140 4362 200 4435 vel
215 4373 391 4458 usurpata
406 4384 628 4434 recusemus.

1215 546 1293 596 CAP·
1307 547 1356 597 lv.

1215 629 1359 661 *ῆν-ν

1214 685 1359 730 Desermona.
