2926 4980
496 381 549 432 nn
569 380 772 434 crvmnrn.
1082 367 1149 434 193

118 541 329 617 faciendum
347 555 415 636 est,
432 548 567 622 abono
589 561 715 623 nostro
734 550 929 639 derivatur,
947 572 1089 644 nempe,
1107 560 1148 621 ut
1173 576 1250 626 111.
1261 576 1334 626 xxv

119 655 333 731 thesaurum
362 659 401 731 11
429 661 530 735 coelis
558 663 767 736 habeamus.
836 663 908 735 Sed
937 664 1046 735 verba
1069 662 1148 735 haec
1186 656 1328 766 ὦ

121 767 263 843 Christi
281 772 434 865 (Matth.
452 774 525 847 xxi.
544 775 582 866 2)
600 805 609 847 :
628 777 690 849 Ite
706 777 745 848 in
762 775 877 849 vicum
893 775 957 872 qni
984 774 1086 847 cobis
1103 800 1149 847 ca

120 882 281 956 adverso
299 896 369 975 ert,
380 896 418 960 er
428 888 619 961 invenietis
630 889 772 962 urinam
785 888 973 986 etpullum
983 913 1062 960 cum
1075 912 1149 971 ea‚·

121 995 255 1071 solvite
271 1009 310 1072 et
327 999 514 1089 adducite,
530 1025 598 1098 pro
614 1003 766 1099 imperio
784 1003 965 1090 dicuntur,
986 1002 1072 1097 quia
1088 1001 1151 1074 do-

122 1109 212 1182 mini
236 1125 333 1186 sunt.
384 1114 505 1187 Verba
528 1129 649 1188 autem
666 1117 757 1203 haec,
775 1115 989 1212 recipiscite
1006 1124 1044 1186 et
1062 1114 1151 1210 bap·

122 1223 290 1297 tizcmini
308 1226 502 1299 innomine
526 1227 629 1316 lesu,
647 1229 835 1301 consilium
861 1239 939 1311 est;
965 1227 1051 1323 quia
1076 1250 1152 1299 non

123 1336 172 1409 ad
186 1338 324 1411 bonum
347 1340 493 1436 aliquod
518 1342 617 1437 quod
643 1341 690 1414 ad
716 1343 832 1415 Deum
848 1341 1048 1436 perveniat,
1076 1338 1150 1435 qui,

123 1461 447 1546 quantumcunque
463 1465 696 1527 contumaces
714 1477 850 1542 sumne,
868 1476 1009 1549 semper
1021 1476 1174 1548 regna·

123 1563 200 1646 bit;
226 1563 292 1637 sed
316 1565 364 1637 ad
388 1565 524 1638 bonum
547 1582 724 1655 nostrum,
751 1568 814 1663 qui
838 1590 984 1663 poenam
1001 1577 1152 1661 propter

124 1688 276 1771 peccata
288 1690 414 1750 nostra
429 1678 499 1750 alia
515 1679 573 1751 via
591 1681 749 1775 effugere
765 1704 839 1752 non
849 1702 1050 1774 possumus.

175 1789 392 1862 Differentia
417 1791 512 1864 inter
536 1793 760 1866 consiliarios
776 1792 926 1864 idoneos
943 1802 980 1864 et
996 1791 1151 1886 ineptos,

124 1924 148 1973 a
163 1901 371 1976 differentia
388 1903 567 1999 dependet
585 1904 680 1977 inter
696 1906 848 1977 virtutes
865 1916 903 1977 et
918 1903 1091 1991 defectus,
1106 1903 1152 1976 de

124 2015 256 2110 quibus
273 2028 360 2088 ante
383 2015 496 2089 locuti
518 2039 652 2103 sumus,
666 2016 950 2089 intellectuales:
977 2016 1030 2088 illi
1043 2016 1152 2106 enim,

123 2127 189 2223 qui
206 2152 388 2202 summam
400 2130 511 2202 habet
527 2141 756 2225 potestatem,
770 2154 836 2226 pro
854 2130 1027 2202 memoria
1045 2140 1081 2200 et
1098 2129 1144 2200 in·

125 2238 281 2312 tellecta
297 2251 394 2313 sunt.
447 2241 519 2314 Sed
534 2265 615 2313 cnm
634 2241 868 2314 similitudine
877 2241 947 2313 hac
960 2240 1055 2312 inter
1068 2239 1154 2311 civi-

122 2362 239 2425 tatem
266 2365 304 2425 et
333 2353 527 2440 hominem,
555 2353 806 2427 dissimilitudo
836 2354 1002 2449 qnaedam
1031 2352 1154 2448 magni

125 2466 303 2538 momenti
320 2468 517 2562 conjuncta
531 2479 598 2539 cst.
650 2467 865 2540 Memoriam
883 2467 979 2539 enim
997 2478 1034 2538 et
1048 2465 1152 2538 intel-

123 2576 262 2650 lectum
286 2577 398 2651 habet
424 2579 534 2651 homo
560 2582 606 2652 ab
633 2580 719 2675 ipsis
745 2581 853 2652 rebus
882 2603 964 2675 quae
982 2603 1152 2651 sensuum

121 2690 272 2784 objecta
297 2700 404 2774 sunt;
431 2715 512 2787 quae
543 2692 685 2786 objecta
709 2692 820 2779 illum,
848 2691 924 2764 sine
951 2692 1049 2763 omni
1071 2715 1153 2788 pas-

123 2802 230 2875 sione
254 2814 293 2875 et
317 2803 405 2875 boni
434 2804 491 2876 sui
520 2816 698 2900 respectu,
717 2804 805 2899 quid
826 2804 1006 2900 agendum
1024 2804 1070 2877 sit
1087 2805 1153 2877 do-

124 2927 226 3001 cent,
252 2938 321 2988 nec
346 2916 452 2988 aliter
478 2916 608 2989 docere
632 2928 808 3012 possunt;
835 2917 899 2989 sed
924 2917 987 3013 qui
1014 2917 1154 2991 civitati

123 3027 319 3100 consilinm
350 3027 425 3115 dat,
442 3029 576 3101 habere
602 3040 733 3124 potest,
764 3040 800 3101 et
828 3029 1022 3125 saepissime
1045 3031 1154 3103 habet

122 3163 278 3236 scopum
303 3140 499 3236 proprium,
526 3165 593 3214 nec
611 3166 752 3237 semper
769 3167 853 3214 cum
870 3167 980 3238 scopo
998 3142 1154 3216 civitatis

126 3265 401 3349 congruentem.
454 3256 582 3350 ltaque
595 3280 662 3351 pro
679 3257 814 3328 virtute
824 3257 941 3352 prima
958 3256 1154 3328 consiliarii

126 3368 215 3441 boni
232 3366 436 3440 habendam
454 3391 595 3457 censeo,
613 3381 656 3440 ut
672 3370 762 3441 fines
773 3372 849 3465 ejus
866 3381 903 3440 et
918 3368 1053 3440 bonum
1070 3392 1154 3463 pro-

127 3480 249 3576 prium
265 3505 340 3553 non
354 3480 427 3553 sint
438 3481 569 3553 finibus
583 3493 620 3554 et
630 3483 727 3554 bono
741 3481 886 3577 publico
899 3491 1153 3576 repugnantes

180 3594 361 3682 Secundo,
379 3593 464 3690 quia
478 3596 619 3690 quoties
637 3595 682 3667 de
707 3595 848 3667 actione
874 3593 995 3687 aliqua
1012 3591 1154 3687 agenda

127 3706 362 3795 deliberatur,
391 3708 585 3780 consiliarii
611 3709 698 3781 boni
724 3708 881 3780 officium
915 3718 970 3778 est
1003 3704 1155 3777 actionis

127 3821 418 3916 consequentias,
437 3821 513 3894 sive
538 3845 582 3893 ea
610 3845 690 3916 quae
715 3820 898 3893 actionem
913 3818 1156 3890 verisimiliter

128 3944 328 4028 sequutura
356 3944 453 4020 sunt,
471 3933 524 4005 ita
540 3933 734 4021 declarare,
751 3945 794 4006 ut
811 3933 851 4020 io,
870 3932 928 4004 cui
945 3932 1053 4004 datur
1070 3953 1156 4002 eon-

130 4045 262 4134 silium,
273 4068 318 4117 ea
329 4044 490 4140 perfecte
502 4045 700 4142 intelligat;
720 4045 908 4117 consilium
922 4067 1026 4116 suum
1039 4043 1156 4115 forma

130 4157 304 4230 orationis
321 4157 386 4228 tali
404 4158 583 4253 explicare
595 4159 714 4243 debet,
733 4158 847 4254 qualis
860 4156 1004 4227 veritati
1022 4168 1057 4226 et
1075 4179 1154 4250 per-

130 4269 316 4365 spicuitati
344 4271 499 4343 maxime
527 4283 772 4344 consentanea
797 4271 854 4358 sit,
881 4269 919 4341 id
936 4282 1001 4356 est,
1019 4269 1156 4364 perspi·

230 4405 322 4457 von.
338 4405 401 4456 111.
1033 4404 1057 4455 ο
