2926 4980
120 557 197 611 CAP.
210 560 293 618 XLH.

140 648 277 679 *uu-rua

136 703 168 749 ha
177 712 283 763 [umato

132 769 284 820 waldarius.

321 354 394 434 370
564 368 618 422 nn
637 373 833 427 crvrrsru
853 377 1124 432 cnursrrarnt.

321 536 381 611 ille
414 533 647 609 Christianus
678 536 753 609 sive
785 537 954 613 ethnicus
985 555 1094 632 esset,
1124 542 1270 617 nullum
1304 546 1371 619 ha.

321 651 446 725 buere.
472 648 540 722 Jus
557 660 680 722 autem
698 650 737 724 in
755 651 913 725 civitatis
930 651 1013 727 loca
1030 657 1166 747 omnia,
1184 669 1242 730 est
1269 658 1370 733 illius

321 765 384 863 qui
419 786 598 837 summam
632 764 744 837 habet
778 765 817 837 in
851 765 1001 842 civitate
1039 782 1285 867 potestatem
1330 785 1370 847 et

319 890 527 976 propterea,
541 901 617 951 uon
633 878 743 951 modo
760 878 825 966 illi,
841 879 904 974 qui
922 885 1232 958 excommunicati
1247 898 1368 977 erant,

320 993 523 1067 sedetiam
558 991 622 1079 illi,
652 993 717 1088 qui
750 1015 938 1088 nunquam
966 996 1145 1092 baptizati
1179 1011 1299 1089 erant,
1328 1000 1368 1073 in

320 1134 538 1208 synagogas,
555 1110 643 1185 data
668 1134 692 1183 a
711 1133 854 1183 summo
872 1110 1075 1209 imperante
1092 1128 1291 1210 potestate,
1309 1118 1366 1190 in-

319 1237 418 1298 trare
434 1235 658 1320 potuerunt;
694 1223 789 1296 sicut
816 1223 959 1313 Paulus,
984 1238 1070 1300 unte
1087 1229 1366 1303 conversionem

318 1361 435 1425 suam,
460 1336 643 1431 ingressus
670 1349 728 1409 est
756 1359 981 1432 synagogam
1005 1338 1299 1414 Christianorum
1326 1342 1364 1416 in

319 1452 512 1539 Damasco,
540 1462 583 1522 ut
613 1473 677 1523 eos
708 1449 1046 1546 comprehenderet,
1074 1454 1292 1551 vinctosque
1315 1456 1365 1529 ad

316 1564 520 1638 Jerusalem
533 1565 638 1660 jussu
656 1564 788 1637 summi
806 1564 1006 1639 sacerdotis
1024 1565 1187 1647 duceret.

367 1677 521 1750 Constat
551 1701 641 1773 ergo
675 1678 1096 1752 excommunicationem
1124 1679 1163 1752 in
1193 1679 1363 1754 homines

318 1789 556 1882 Christianos,
571 1791 634 1886 qui
651 1814 674 1862 a
687 1790 863 1885 religione
875 1789 1084 1864 Christiana
1096 1790 1309 1883 deficerent,
1323 1794 1361 1867 in

315 1928 360 1977 eo
377 1903 460 1977 loco
476 1904 541 1976 nbi
557 1914 721 1999 potestus
739 1903 854 1976 ciuilis
871 1904 1060 1978 ecclesiam
1079 1917 1144 1978 ant
1165 1928 1362 2002 perseque-

314 2019 424 2091 batur
447 2029 513 2091 aut
545 2039 619 2090 non
650 2018 881 2113 protegebat,
908 2018 1046 2091 nullam
1071 2018 1146 2091 vim
1174 2020 1360 2109 habuisse,

315 2156 434 2228 neque
451 2131 500 2205 ad
516 2131 692 2204 damnum
710 2155 829 2227 neque
855 2131 903 2203 ad
921 2145 1122 2216 terrorem;
1162 2134 1249 2229 qnia
1273 2133 1361 2207 huic

313 2245 452 2319 mundo
470 2244 747 2318 favorabiliores
765 2244 850 2316 inde
867 2245 984 2317 futuri
1001 2257 1148 2330 essent;
1182 2270 1304 2342 neque
1321 2248 1360 2320 in

312 2359 451 2431 mundo
468 2359 594 2430 futuro
611 2358 736 2452 pejore
754 2357 965 2431 conditione
995 2358 1075 2432 fore
1096 2361 1357 2455 expectabant,

313 2496 420 2568 quarn
437 2494 510 2568 qua
522 2470 624 2543 usuri
638 2482 744 2543 erant
757 2470 822 2558 illi,
834 2471 897 2565 qui
908 2495 1098 2567 nunquam
1111 2472 1358 2547 crediderant.

313 2587 403 2675 Imo,
422 2585 469 2659 ad
494 2585 686 2658 ecclesiam
713 2585 892 2680 pertinuit
923 2586 1097 2681 quicquid
1118 2597 1198 2658 erat
1224 2586 1263 2658 in
1287 2588 1359 2660 hoc

312 2700 450 2773 mundo
468 2699 604 2787 damni,
623 2724 705 2795 qnae
729 2699 830 2770 illum
854 2700 1207 2772 excommunicando
1235 2701 1358 2773 inimi-

311 2838 374 2885 cos
392 2825 523 2886 contre
535 2837 574 2886 sc
593 2813 770 2885 irritabat.

360 2930 541 3002 Effectum
570 2952 658 3023 ergo
689 2926 728 2998 in
760 2950 821 2998 eos
853 2927 949 3000 solos
978 2927 1109 3000 habuit
1145 2951 1358 2999 excommn-

309 3043 459 3132 nicatio,
495 3044 557 3138 qui
591 3041 792 3114 credebant
825 3041 953 3113 Jcsum
988 3042 1176 3115 Christum
1217 3040 1357 3114 reditu-

311 3178 392 3227 rum
419 3179 497 3228 esse
524 3156 561 3227 in
592 3155 721 3251 gloria,
749 3166 1002 3248 regnaturum,
1030 3152 1356 3249 judicaturumqnc

309 3268 411 3340 vivos
446 3278 483 3339 et
518 3278 696 3356 mortuos,
723 3279 762 3339 et
788 3290 808 3337 e
835 3289 949 3360 regno
976 3292 1042 3339 suo
1070 3266 1163 3353 illos
1197 3268 1261 3363 qui
1292 3292 1355 3340 ex-

309 3381 569 3453 communicati
588 3382 633 3453 ab
652 3380 806 3453 ecclesia
829 3396 946 3469 erant,
972 3382 1217 3454 exclusurum.
1271 3383 1355 3455 Hoc

309 3508 365 3567 est
395 3494 494 3591 quod
518 3505 729 3567 metuerunt
753 3495 789 3567 in
812 3494 1192 3568 excommunicatione
1226 3495 1355 3568 Chris-

308 3609 399 3681 tiani
437 3609 527 3681 veri.
592 3608 745 3681 Dixerat
779 3611 877 3682 enim
914 3610 1071 3682 Sanctus
1106 3607 1251 3696 Paulae,
1286 3610 1352 3682 ho-

307 3721 443 3793 minem
475 3723 833 3796 excommunicatum
868 3721 1046 3795 traditum
1081 3745 1159 3793 esse
1191 3722 1351 3796 Satanae.

309 3835 406 3907 Nam
440 3847 544 3908 extra
577 3860 732 3930 regnum
767 3836 917 3924 Christi,
951 3848 1037 3931 post
1077 3835 1175 3907 diem
1211 3837 1353 3931 judicii,

308 3973 423 4044 regna
448 3948 520 4020 alia
542 3948 666 4019 omnia
692 3971 848 4041 regnum
873 3962 980 4020 erunt
1006 3948 1164 4019 Satanae.
1211 3948 1351 4022 intelli-

307 4062 408 4158 gitur
431 4061 528 4150 hinc,
555 4061 986 4149 excommunicationem,
1006 4085 1080 4155 qno
1104 4074 1271 4157 tempore
1295 4087 1352 4135 re-

307 4175 395 4271 ligio
418 4176 629 4248 Christiana
654 4199 676 4247 a
700 4186 884 4270 potestate
913 4174 1010 4248 civili
1038 4175 1204 4248 nondum
1228 4190 1351 4272 prote-

305 4288 475 4381 gebatur,
495 4289 532 4360 in
557 4312 625 4361 usu
648 4287 760 4360 fuisse
787 4313 854 4384 pro
881 4313 1025 4362 morum
1042 4301 1187 4363 tautum
1206 4314 1350 4364 correc-
