2926 4980
522 325 576 377 uu
597 324 779 376 nomme.
1123 307 1169 373 53

121 515 200 589 que
230 493 451 589 significant,
479 515 625 588 nempe,
656 491 868 587 opinionem
896 489 941 561 de
972 485 1170 560 veracitate
1205 517 1283 568 erp
1295 516 1359 565 vn

123 607 236 701 ejns3
264 606 328 679 sed
353 605 504 680 credere
530 603 679 732 aliquod
704 603 856 691 dictum,
883 601 1066 697 significat
1091 597 1216 704 opi·

1181 660 1365 704 Dadiscursnum

126 717 281 792 nionem
306 731 453 792 tanturn
474 718 640 792 veritatis
665 718 778 813 ipsius
804 716 905 789 dicti.
955 713 1169 788 Notandum
1181 722 1365 769 ammom

129 845 258 905 autem
275 844 331 906 est
347 831 548 906 dictionem
564 832 660 905 hanc
683 830 835 904 credo
821 857 870 921 m,
891 841 933 903 ut
950 840 987 902 et
1004 790 1229 902 Graecambu‘

132 952 270 1016 πιστέυω
292 942 347 1035 Zac,
364 946 550 1019 rarissime
567 946 736 1042 usurpari
752 956 999 1041 praeterquam
1016 943 1054 1015 in
1070 939 1173 1014 libris

133 1058 364 1155 theologicis.
417 1059 622 1155 Scriptores
652 1058 778 1132 caeteri
804 1057 932 1130 dicunt
957 1056 1070 1129 credo
1100 1055 1172 1144 illi,

135 1172 281 1266 confido
295 1171 368 1261 itti,
381 1173 504 1268 fidem
522 1173 582 1246 illi
599 1172 727 1247 labeo.

187 1283 262 1357 Sed
279 1284 501 1375 crederem,
519 1285 558 1358 in
576 1285 740 1382 symbolo
757 1283 844 1357 fidei
857 1283 1086 1370 Christiana,
1097 1304 1173 1355 non

136 1397 286 1493 proprie
303 1397 487 1494 significat
502 1397 613 1471 fidem
638 1422 720 1493 qoae
740 1398 897 1471 habetur
913 1419 1091 1492 personae,
1109 1392 1175 1467 sed

139 1510 319 1583 doctrinae
348 1509 515 1606 pluribus
540 1511 704 1584 articulis
727 1511 925 1606 propositae
950 1507 1174 1605 agnitionem

139 1623 217 1696 sive
250 1622 530 1696 confessionem.
581 1624 727 1696 Etenim
760 1647 835 1696 non
867 1622 1065 1696 Christiani
1094 1620 1175 1708 soli,

139 1735 335 1810 sedetiam
357 1735 525 1809 homines
545 1761 672 1810 omnes
689 1736 741 1809 ita
756 1737 793 1809 in
812 1736 931 1809 Deum
949 1735 1116 1823 credunt,
1134 1747 1177 1807 ut

140 1850 316 1946 quicquid
342 1850 475 1924 dixerit
498 1851 556 1924 vel
580 1851 744 1925 dicturus
767 1852 815 1925 sit
839 1876 906 1947 pro
932 1875 1018 1923 vero
1044 1871 1176 1946 agnos-

140 1977 253 2046 cant;
279 1962 389 2059 idque
416 1964 492 2037 sive
513 1964 730 2060 intelligant,
756 1965 832 2037 sive
853 1988 928 2037 non
947 1963 1175 2058 intelligant:

143 2101 216 2174 qua
225 2076 301 2150 fide
313 2078 429 2174 major
442 2101 521 2151 esse
534 2078 634 2151 nulla
645 2089 779 2174 potest.
830 2077 1177 2151 Doctrinamautem

142 2189 298 2288 symboli
315 2213 389 2262 non
407 2213 535 2262 omnes
552 2190 719 2280 credunt,
737 2190 801 2264 sed
818 2191 886 2264 soli
904 2190 1113 2264 Christiani.

194 2302 434 2377 Manifestum
464 2303 551 2376 hinc
579 2315 645 2392 est,
671 2304 770 2399 quod
795 2304 858 2403 qui
884 2328 1012 2377 verum
1042 2301 1179 2398 aliquid

144 2440 223 2490 esse
241 2428 349 2512 putat
366 2440 443 2490 non
457 2429 611 2513 propter
634 2429 852 2513 argumenta
876 2428 1022 2513 sumpta
1039 2440 1084 2490 ex
1100 2416 1180 2511 ipsa

145 2553 185 2602 re
202 2543 267 2603 aut
284 2554 328 2602 ex
345 2530 536 2626 principiis
548 2531 701 2604 rationis
716 2532 903 2620 naturalis,
915 2531 980 2605 sed
993 2532 1039 2604 ab
1050 2530 1178 2603 autho-

147 2642 253 2715 ritate
270 2657 308 2716 et
324 2643 371 2716 ab
390 2643 660 2716 existimatione
683 2644 781 2718 bona
801 2667 968 2740 personae
985 2643 1179 2739 loquentis

147 2754 232 2828 fidei
262 2759 340 2852 ejus
371 2757 556 2852 objectum
592 2756 844 2853 principaliter
867 2769 905 2829 et
930 2756 1078 2852 proprie
1103 2778 1181 2828 esse

147 2891 339 2963 personam
374 2868 597 2964 loquentem.
651 2870 780 2966 ltaque
814 2869 961 2966 quando
1000 2868 1182 2942 credimus

150 2980 357 3077 Scripturas
387 2980 517 3054 Sacros
544 3004 621 3054 esse
638 2983 790 3055 verbum
818 2984 899 3073 Dei,
925 2983 1017 3057 fides
1047 2994 1182 3069 nostra,

148 3094 217 3167 nisi
257 3094 452 3189 specialem
486 3094 645 3190 aliquam
678 3096 877 3169 habeamus
907 3097 1182 3184 revelationem,

148 3206 368 3280 terminatur
385 3207 424 3279 in
442 3208 606 3297 ecclesia,
625 3208 663 3281 in
676 3209 780 3304 cujus
797 3209 1020 3284 authoritate
1038 3210 1184 3306 acquie-

149 3322 277 3393 vimus.
329 3320 451 3393 Iltiam
477 3321 541 3410 illi,
559 3321 623 3418 qui
640 3322 796 3395 credunt
824 3323 864 3395 id
891 3324 990 3418 quod
1015 3333 1186 3396 narratur

150 3433 218 3507 Dei
240 3433 390 3506 nomine
415 3457 438 3505 a
462 3434 653 3530 propheta,
677 3434 789 3507 fidem
821 3436 1011 3531 prophetae
1038 3435 1185 3522 habere,

149 3546 325 3642 illumque
351 3546 546 3635 honorare,
574 3546 627 3620 illi
654 3546 805 3620 credere
831 3560 869 3620 et
894 3547 1008 3620 fidere
1041 3545 1188 3620 dicendi

150 3674 252 3744 sunt,
280 3661 357 3732 sive
386 3682 494 3732 verus
521 3660 597 3734 sive
624 3660 737 3733 falsus
764 3660 811 3733 sit
834 3660 1023 3756 propheta.
1067 3658 1188 3732 Etiam

151 3774 249 3846 circa
275 3785 429 3846 caeteras
454 3773 625 3847 historiae
651 3774 780 3847 eodem
797 3773 907 3847 modo
925 3799 964 3847 se
980 3797 1038 3847 res
1066 3774 1189 3847 habet.

153 3885 249 3959 Nam
280 3886 312 3958 si
343 3885 466 3959 omnia
490 3911 544 3976 ea,
576 3911 658 3984 quae
687 3887 732 3959 de
755 3887 951 3960 virtutibus
977 3886 1077 3961 dicta
1106 3897 1192 3960 sunt

154 3998 353 4071 Alexandri
366 4011 429 4072 aut
442 4000 606 4090 Caesaris,
618 4000 767 4074 credere
781 4024 999 4091 recusarem,
1010 4026 1085 4075 non
1101 4016 1192 4099 puto

154 4110 236 4183 illos
276 4112 408 4185 merito
450 4113 540 4186 mihi
571 4137 809 4187 succensuros
852 4138 940 4203 esse,
975 4130 1040 4189 aut
1081 4117 1191 4190 elium

155 4223 356 4322 quemlibet
368 4237 502 4322 praeter
518 4227 682 4302 historiae
700 4228 997 4322 conscriptorem.
1035 4232 1074 4306 Si
1091 4232 1193 4305 Livio
