2926 4980
515 342 568 395 nn
589 342 773 397 noman.
1119 328 1164 407 57

118 507 328 598 phantasia,
345 510 616 587 desiderabitur
636 513 837 610 ingenium.
890 512 1048 588 Quodsi
1067 511 1166 607 judi-

121 617 224 692 oinm
251 623 486 698 manifestum
514 626 573 717 sit,
601 627 669 700 etsi
694 627 855 724 vulgaris
885 627 933 700 sit
962 625 1165 723 phantasia,

121 732 335 808 laudabitur
351 749 478 811 tamen
494 739 694 837 ingenium.

173 847 362 944 Cogitatio
386 851 547 926 hominis
573 867 716 927 secreta
741 877 807 949 per
834 852 957 927 omnia
982 850 1167 941 discurrit,

124 983 240 1049 sacra,
265 963 470 1058 prophana,
496 966 645 1055 munda,
672 966 873 1057 immunda,
898 967 1035 1063 gravia,
1061 964 1167 1054 levia,

125 1072 206 1145 sine
230 1073 373 1169 pudore
398 1087 436 1149 et
460 1076 539 1150 sine
569 1079 698 1174 culpa;
725 1078 764 1151 id
789 1077 889 1175 quod
912 1076 1070 1151 sermoni
1092 1101 1169 1150 non

126 1187 280 1261 ulterius
292 1188 393 1277 licet,
407 1213 552 1286 quama
565 1191 705 1286 judicio
718 1192 817 1265 eirca
833 1203 1010 1288 tempora,
1024 1190 1117 1279 loca,
1132 1201 1169 1263 et

125 1324 302 1397 personas
317 1304 539 1398 permissum
566 1305 624 1377 sit.
653 1303 836 1393 Medico,
855 1303 1096 1392 anatomistae,
1122 1302 1168 1375 de

125 1414 236 1487 rebus
261 1415 443 1489 obscoenis
469 1416 591 1489 dicere
616 1418 675 1489 vel
697 1417 857 1490 scribere
880 1415 1054 1513 quicquid
1070 1414 1169 1488 vide-

124 1528 227 1601 bitur
251 1529 349 1614 licet,
373 1542 417 1603 ut
442 1531 502 1603 cui
527 1531 610 1603 linis
635 1543 691 1603 est
716 1554 792 1604 non
817 1532 973 1627 placere,
997 1530 1061 1603 sed
1083 1553 1169 1626 pro-

126 1641 253 1727 desse3
280 1642 361 1716 aliis
387 1656 512 1717 autem
536 1644 737 1734 nonlicet,
765 1645 851 1741 quia
878 1666 953 1718 non
984 1656 1040 1717 est
1067 1668 1169 1741 opus

126 1755 224 1827 Item
237 1756 274 1827 in
287 1756 506 1830 remissione
518 1757 630 1830 animi
645 1770 684 1830 et
696 1758 973 1831 conversatione
986 1756 1169 1846 familiari,

125 1870 157 1943 si
172 1871 255 1965 quis
270 1893 317 1942 ex
327 1871 524 1944 verborum
537 1871 637 1945 sonis
651 1884 688 1946 et
701 1872 1030 1968 significationibus
1043 1871 1170 1944 ludum

125 1983 251 2070 faciat,
268 1982 307 2056 id
325 1983 426 2081 qnod
442 1984 642 2081 aliqnando
659 2009 733 2058 non
751 1984 950 2081 injucunde
967 1984 1048 2058 fieri
1065 1984 1169 2074 solet,

127 2097 342 2170 indecorum
365 2122 442 2171 non
467 2108 534 2171 est.
586 2098 660 2172 Sed
685 2098 724 2170 in
750 2098 937 2188 concione,
961 2098 1020 2170 vel
1046 2121 1170 2171 coram

127 2211 295 2307 personis
325 2210 524 2306 incognitis
554 2212 612 2283 vel
641 2211 777 2307 alioqui
804 2210 1026 2301 reverendis,
1052 2210 1170 2284 omnis

128 2323 324 2397 verborum
348 2323 451 2396 lusus
476 2322 633 2396 stultitia
658 2322 852 2396 videbitur.
905 2323 960 2414 ld,
985 2322 1084 2419 quod
1103 2323 1170 2395 dif-

129 2437 323 2509 ferentiam
335 2435 440 2527 facit,
452 2437 624 2511 discretio
637 2437 712 2510 sive
726 2436 906 2533 judicium
924 2448 992 2510 est.
1028 2436 1170 2531 Itaque,

130 2549 194 2621 nbi
219 2549 409 2645 ingenium
435 2548 551 2639 deest,
576 2575 652 2623 non
676 2550 872 2646 phantasia
901 2549 965 2622 sed
992 2548 1171 2645 judicium

131 2661 245 2735 deest.
297 2663 429 2759 ltaque
455 2663 635 2759 judicium
661 2664 739 2736 sine
763 2663 958 2760 phantasia
982 2662 1169 2759 ingenium

132 2789 209 2856 est3
235 2776 431 2872 phantasia
447 2789 568 2850 autem
587 2777 667 2850 sine
679 2777 819 2872 jndicio
836 2802 911 2860 non
928 2777 1027 2850 item.

183 2888 342 2963 Quando
376 2889 459 2984 quis
491 2888 715 2986 cogitatione
744 2891 1017 2965 multitudinem
1046 2912 1169 2962 rernm

131 3025 361 3098 percurrens,
392 3026 475 3074 cum
505 2984 579 3076 fine
606 3003 728 3100 aliquo
755 3003 823 3076 sibi
850 3004 1050 3101 proposito,
1082 3028 1170 3100 quo-

133 3113 244 3188 modo
261 3138 316 3188 eae
331 3139 390 3187 res
407 3115 455 3188 ad
476 3116 587 3188 finem
604 3139 711 3188 suum
729 3115 938 3190 conducant
954 3117 1012 3190 vel
1029 3117 1089 3189 cui
1105 3116 1170 3188 fini

133 3228 309 3300 inservire
333 3227 474 3322 possint
499 3228 666 3301 celeriter
688 3228 957 3319 animadvertit,
982 3229 1170 3326 ingenium

135 3343 211 3437 ejus
225 3343 364 3413 bonum
377 3340 531 3425 dicitnr;
563 3341 816 3437 dependetque
834 3343 879 3415 ab
898 3342 1124 3438 experientia
1133 3353 1170 3414 et

135 3455 310 3527 memoria
325 3476 448 3525 rerum
464 3455 663 3528 multarum
687 3453 859 3526 similium
885 3479 968 3527 cum
994 3453 1171 3526 similibus

136 3567 415 3662 consequentiis.
477 3569 521 3640 In
550 3569 621 3641 hoc
652 3580 775 3640 antem
803 3567 968 3640 homines
1005 3567 1102 3639 inter
1132 3590 1171 3640 se

136 3704 208 3753 non
235 3692 382 3753 tantum
409 3680 594 3770 diffenmt,
623 3692 800 3778 quantum
822 3682 962 3777 jndicio
993 3691 1030 3753 et
1058 3679 1172 3776 phan-

136 3795 248 3876 tasia;
276 3794 364 3890 quia
385 3795 573 3868 hominum
599 3806 707 3868 aetate
728 3794 923 3890 aequalinm
947 3793 1174 3890 experientia

136 3931 209 3980 non
240 3919 297 3980 est
322 3907 427 3980 valde
455 3907 654 4003 inaequaliS,
681 3907 802 4004 quoad
829 3907 1082 4004 quantitatem,
1109 3907 1173 3980 sed

138 4044 271 4109 rernm,
294 4021 332 4093 in
359 4021 490 4116 quibus
508 4032 709 4110 versantur,
733 4022 853 4117 specie
872 4021 1071 4109 variantur,
1090 4044 1173 4092 cnm

138 4135 269 4230 cuique
304 4158 370 4207 sua
402 4133 476 4207 sint
509 4135 660 4231 negotia
693 4134 850 4229 propria.
903 4133 1092 4206 Familiam
1126 4156 1174 4205 an

139 4272 293 4344 regnum
320 4248 399 4344 quis
430 4261 530 4320 recte
559 4248 749 4343 gubernet,
778 4246 868 4320 nihil
895 4247 1060 4334 interest,
1087 4268 1174 4342 qua·

1194 544 1271 594 CAP.
1284 544 1361 595 vul.

1207 626 1350 658 ’νη-ν

1180 688 1213 732 De
1222 688 1342 733 virtutibus

1178 752 1371 802 intellectualibnsz

1179 817 1342 877 deficobnaqua

1179 883 1288 941 opposta
