2926 4980
165 538 306 589 XXXVI!-

169 622 307 655 νην-ν

148 682 182 724 Dc
192 681 310 732 miraculis,

147 752 168 789 ct
178 760 253 790 aarum
263 760 311 790 usu

350 323 421 391 314
596 338 650 390 on
671 337 865 390 11111111
886 337 1150 391 1111111111.

349 515 428 577 est:
456 528 561 600 aeque
591 516 715 577 tamen
746 506 968 601 ignoramus,
987 506 1170 603 quomodo
1194 506 1233 579 id
1260 506 1300 580 in
1326 509 1392 582 ho-

348 617 446 689 mine
463 629 501 690 et
518 617 619 713 ligno
637 616 736 691 Deus
754 630 936 714 operetur.

395 730 514 803 Arcus
531 731 670 827 primus
689 732 727 804 in
745 732 838 805 coelo
849 756 1040 829 apparens,
1054 731 1273 806 miraculum
1287 745 1389 819 erat;

345 842 431 937 quia
444 841 595 938 primus,
615 842 653 915 id
670 856 736 932 est,
756 844 922 917 insolitus
938 876 947 928 ;
975 855 1012 917 et
1029 845 1115 942 quia
1140 869 1208 942 pro
1225 845 1333 942 signo
1351 847 1390 920 in

346 955 438 1026 coelo
456 978 479 1027 a
496 955 574 1028 Deo
592 966 760 1034 ostensus
774 967 841 1044 cst,
856 956 903 1029 ad
921 956 1203 1053 significandum
1216 982 1292 1031 non
1310 983 1390 1032 111-

343 1068 440 1164 plius
458 1068 594 1142 diluvio
612 1070 819 1165 periturum
836 1093 915 1143 esse
933 1070 1122 1143 mundum.
1165 1071 1305 1144 Verum
1322 1072 1392 1147 ho-

345 1181 416 1266 die,
435 1181 522 1276 quia
547 1206 654 1255 arcus
680 1182 848 1256 ooelestes
867 1182 1040 1255 videntur
1072 1207 1180 1280 sape,
1210 1185 1392 1259 miracula

344 1293 482 1367 nemini
501 1308 597 1367 sunt.
639 1295 793 1384 Rursus,
807 1319 919 1391 opera
937 1296 1118 1370 mirabilia
1130 1309 1209 1371 arte
1226 1296 1392 1372 humana

344 1409 459 1480 multa
486 1408 762 1503 producuntur;
790 1409 876 1504 quia
902 1422 1026 1481 tamen
1059 1420 1255 1505 postquam
1288 1409 1393 1484 facta

344 1533 442 1610 sunt,
469 1520 653 1616 quomodo
679 1521 889 1594 factasunt
915 1521 1165 1618 intelligimus
1183 1546 1259 1595 non
1275 1522 1391 1598 habe-

344 1657 426 1705 mus
445 1658 488 1705 ea
504 1657 572 1730 pro
590 1632 786 1707 miraculis.

395 1747 600 1819 Admiratio
618 1746 801 1843 dependet
825 1747 1042 1844 plerumque
1059 1772 1082 1819 a
1099 1747 1255 1820 scientia
1271 1759 1310 1821 et
1326 1773 1392 1822 ex-

344 1860 526 1957 perientia
542 1859 745 1950 hominum,
760 1861 814 1933 ita
830 1871 873 1933 ut
889 1860 952 1934 alii
969 1859 1150 1949 videatur,
1165 1861 1267 1955 quod
1283 1861 1390 1953 vidit,

343 1972 571 2062 miraculum,
590 1974 651 2047 alii
668 1998 744 2048 non
761 1973 942 2047 videatur.
996 1974 1126 2069 ltaque
1140 1974 1308 2047 homiues
1322 1976 1392 2048 im·

343 2088 453 2183 periti
471 2101 509 2161 et
535 2088 779 2184 superstitiosi
796 2112 863 2184 pro
881 2088 1023 2184 magnis
1042 2086 1234 2160 miraculis
1251 2086 1391 2162 habere

343 2201 463 2275 solent
488 2225 542 2289 ea,
561 2227 643 2297 quae
659 2203 768 2298 periti
794 2202 966 2298 doctique
992 2201 1142 2274 omnino
1160 2225 1235 2274 non
1252 2201 1391 2274 miran-

343 2327 415 2388 tur.
470 2315 634 2410 Eclipses
652 2316 739 2388 solis
757 2328 794 2388 et
810 2316 909 2388 lunae
932 2338 1000 2411 pro
1026 2315 1197 2410 operibus
1214 2337 1392 2409 superua-

343 2429 521 2501 turalibus
540 2453 562 2501 a
578 2430 687 2525 vulgo
715 2428 851 2501 habitae
876 2428 1062 2523 quondam
1095 2441 1204 2512 sunt;
1231 2452 1391 2524 quarum

342 2567 471 2615 causas
489 2543 675 2615 naturales
687 2543 786 2615 docti
799 2542 868 2613 viri
882 2541 1145 2636 intelligentes,
1158 2565 1218 2613 eas
1231 2543 1391 2637 praedix-

342 2668 460 2729 erunt.
502 2656 625 2727 Etiam
643 2657 810 2728 homines
830 2654 952 2728 callidi
969 2654 1066 2726 inter
1085 2678 1122 2726 se
1134 2654 1390 2745 confoederati,

345 2779 504 2841 secretas
523 2768 686 2841 actiones
704 2770 842 2842 incauti
861 2781 898 2841 et
912 2768 1072 2864 imperiti
1083 2769 1240 2840 hominis
1259 2771 1390 2865 exqui-

342 2894 476 2971 rentes,
496 2881 717 2977 easdemque
744 2883 812 2978 ipsi
829 2895 914 2978 post
940 2893 1142 2970 1111111111,
1161 2906 1304 2976 magnae
1323 2883 1390 2955 ad-

342 2995 527 3067 mirationi
551 2996 715 3085 fuerunt,
734 3022 818 3069 cum
836 2996 953 3068 cautis
970 2996 1283 3091 prudentibusque
1302 2997 1391 3070 viris

342 3132 416 3179 uon
434 3120 512 3180 tam
532 3109 640 3182 facile
658 3111 845 3205 imponere
864 3109 1077 3204 potuissent.

392 3222 451 3294 Ad
468 3234 635 3295 naturam
657 3222 831 3294 miraculi
856 3222 967 3295 etiam
990 3222 1161 3317 pertinet,
1179 3235 1222 3295 ut
1246 3246 1289 3295 1ο
1311 3224 1386 3294 fine

340 3334 479 3407 factum
510 3336 568 3423 sit,
585 3349 628 3409 ut
654 3336 810 3426 nunciis,
828 3337 1017 3424 ministris,
1036 3347 1072 3408 et
1096 3335 1285 3431 prophetis
1316 3335 1386 3408 Dei

340 3448 431 3520 fides
459 3449 557 3544 apud
583 3449 760 3545 populum
776 3449 966 3536 habeatur,
986 3449 1149 3543 sciatque
1166 3447 1251 3520 inde
1268 3472 1386 3543 popu-

340 3561 396 3633 lus
415 3562 545 3635 missos
563 3562 644 3634 illos
663 3586 741 3634 esse
758 3589 781 3635 1
798 3562 889 3635 Deo.
943 3563 1072 3657 ltaque
1090 3561 1225 3633 creatio
1244 3561 1385 3649 mundi,

340 3687 377 3747 11
395 3687 524 3770 postea
547 3675 725 3747 diluvium
743 3675 958 3763 universale,
979 3674 1249 3747 mirabilissima
1274 3697 1387 3770 opera

340 3799 469 3870 erant;
506 3787 679 3883 quoniam
706 3799 829 3861 tamen
856 3813 930 3861 non
957 3812 1000 3860 eo
1026 3789 1099 3861 fine
1130 3812 1153 3860 a
1178 3788 1256 3859 Deo
1286 3787 1388 3861 facta

340 3913 458 3988 erant,
488 3915 530 3972 ut
555 3900 723 3973 ministro
750 3925 815 3973 suo
850 3901 960 3973 fidem
993 3901 1168 3988 facerent,
1200 3901 1385 3972 miracala

340 4014 516 4111 appellari
544 4039 618 4087 non
646 4015 777 4088 solent.
831 4015 906 4086 Sed
933 4038 1044 4110 opera
1070 4014 1139 4087 Dei
1165 4014 1203 4085 in
1223 4014 1386 4110 AEgypto

340 4152 406 4222 per
435 4129 588 4215 Mosam,
614 4127 800 4200 miracula
835 4140 962 4211 erant;
994 4141 1189 4224 propterea
1216 4127 1315 4224 quod
1342 4152 1386 4201 eo

341 4240 413 4311 fine
447 4241 545 4312 facta
579 4252 676 4327 sunt,
708 4252 748 4312 ut
776 4239 942 4313 crederet
971 4242 1127 4337 populus
1163 4240 1387 4314 Israeliticus
