2926 4980
323 365 391 430 186
698 379 752 430 on
773 380 981 433 crvrrarn.

113 579 192 628 cip,
204 578 305 629 mv,
319 557 443 618 autem
471 546 510 618 in
538 546 638 619 omni
654 570 791 642 genere
813 546 974 621 civitatis
992 547 1173 643 originem
1189 546 1320 619 babuit
1343 571 1365 619 a

139 661 277 694 ,γι-Ι

165 731 192 740 ”
227 731 232 742 ’
254 731 283 774 fa·

107 729 142 772 De
151 734 245 773 nuum

319 681 462 732 summa
491 670 687 755 potestate.
741 659 815 733 Ubi
844 660 943 733 enim
974 661 1102 734 civitas
1130 685 1207 733 non
1225 673 1294 750 est,
1312 661 1363 733 ibi

106 794 301 840 curuantur„
320 773 444 845 omnia
461 773 624 845 omnium
651 785 748 862 sunt,
767 784 805 846 et
820 773 958 847 bellum
974 784 1194 871 perpetuum
1217 786 1299 858 est;
1327 785 1365 846 et

107 864 129 902 et
137 861 268 916 generativa.

318 887 457 959 bonum
479 885 766 982 unumquodque
793 886 889 959 illius
917 897 1027 976 est,a
1052 911 1125 983 quo
1152 887 1297 982 rapitur
1324 898 1363 959 et

319 1000 429 1072 armis
447 1009 706 1080 conservatur;
734 999 834 1095 quod
858 1023 979 1096 neque
1002 999 1208 1096 proprietas
1238 1023 1363 1096 neque

319 1112 563 1185 communitas
598 1123 665 1202 est,
702 1111 767 1184 sed
797 1112 1037 1186 concertatio.
1102 1112 1146 1185 Id
1180 1113 1280 1209 quod
1313 1113 1367 1186 ita

318 1225 552 1298 manifestum
577 1237 644 1312 est,
676 1237 719 1298 ut
754 1227 864 1298 etiarn
895 1227 972 1323 ipse
1002 1227 1145 1315 Cicero,
1180 1226 1365 1300 libertatis

319 1338 490 1412 defensor
527 1340 880 1429 vehementissimus,
915 1341 1179 1436 proprietatem
1215 1363 1365 1412 omnem

317 1453 496 1525 attribuat
513 1452 655 1548 legibus
669 1453 847 1543 civilibus,
862 1453 994 1549 quibus
1011 1453 1164 1526 sublatis
1175 1452 1234 1525 vel
1246 1452 1365 1549 negli-

317 1580 448 1662 genter
466 1567 672 1651 custoditis,
688 1567 781 1639 nihil
797 1590 876 1639 esse
894 1566 985 1639 dicit
1013 1566 1113 1663 quod
1139 1567 1222 1662 quis
1249 1579 1316 1639 aut
1343 1591 1367 1639 a

318 1681 517 1777 majoribus
535 1681 701 1776 accipere
727 1695 792 1753 aut
817 1681 902 1753 filiis
928 1681 1134 1776 relinquere
1162 1704 1231 1777 pro
1261 1691 1364 1752 certo

317 1794 446 1889 possit.
498 1794 546 1866 Et
560 1816 696 1880 rursus,
715 1793 818 1882 tolle,
836 1792 969 1888 inquit,
981 1792 1088 1890 leges
1099 1791 1254 1874 cicilee,·
1272 1791 1368 1889 qaid

317 1930 433 1995 auum,
465 1906 558 2001 quid
589 1906 749 1979 alienum
783 1907 848 1995 ait,
882 1906 977 1978 sciet
1010 1930 1123 1978 nemo.
1176 1905 1364 1980 Quoniam

318 2043 407 2115 ergo
422 2019 637 2092 constitutio
648 2019 884 2116 proprietatis
895 2019 1055 2093 civitatis
1069 2042 1162 2115 opus
1173 2030 1247 2102 est;
1266 2018 1364 2090 illius

318 2154 410 2227 opus
424 2144 492 2222 est,
508 2133 571 2228 qui
585 2156 764 2204 summam
782 2132 820 2203 in
839 2132 988 2205 civitate
1005 2131 1117 2203 habet
1129 2141 1363 2227 potestatem.

319 2244 513 2341 Dependet
523 2245 621 2321 enim
638 2245 843 2341 proprietas
861 2244 1038 2340 alegibus
1049 2244 1237 2329 civilibus;
1264 2256 1303 2316 et
1319 2244 1363 2332 is,

319 2359 382 2453 qui
410 2383 590 2431 summam
623 2358 736 2430 babet
761 2369 996 2454 potestatem,
1012 2357 1050 2430 in
1079 2357 1179 2429 omni
1214 2356 1363 2431 civitate

318 2471 507 2567 legislator
541 2486 606 2544 est.
660 2470 704 2543 Id
734 2470 833 2565 quod
861 2470 1072 2543 observasse
1102 2469 1276 2542 videntur
1309 2469 1363 2542 ilii

318 2586 435 2658 Graeci
466 2598 619 2673 veteres,
649 2585 712 2680 qui
741 2583 860 2678 legem
883 2583 1168 2656 nominaverunt
1186 2584 1298 2673 νόμον,
1324 2583 1364 2656 id

319 2710 386 2787 est,
403 2699 715 2786 distributionem,
728 2709 766 2770 et
775 2697 969 2794 justitiam,
985 2708 1266 2792 consequenter,
1284 2720 1363 2769 esse

319 2813 451 2909 cuique
470 2812 765 2885 distributionem
783 2812 842 2883 eui
856 2810 1112 2882 definiverunt.

369 2927 498 3022 Itaque
517 2927 547 2998 si
561 2926 689 2999 civitas
709 2938 844 2997 terram
858 2948 1010 2997 vacuam
1023 2938 1087 2995 aut
1100 2923 1197 2995 bello
1213 2947 1362 3019 supera-

319 3051 395 3111 tam
413 3039 637 3135 acquisierit,
656 3038 868 3111 distributio
890 3048 1000 3110 terrae
1023 3036 1120 3108 illius
1141 3037 1240 3109 inter
1265 3037 1363 3108 cives

319 3150 502 3246 dependet
530 3152 576 3223 ab
611 3175 655 3223 eo
690 3151 753 3247 qui
785 3174 964 3223 summam
994 3150 1107 3222 habet
1140 3150 1179 3221 in
1214 3148 1363 3222 civitate

317 3276 560 3358 potestatem
588 3264 850 3361 habebuntque
883 3265 1071 3359 portiones
1102 3287 1198 3350 suas,
1216 3286 1293 3335 non
1320 3278 1363 3335 ut

318 3379 489 3474 cuiquam
507 3379 577 3451 civi
588 3391 654 3450 aut
664 3402 817 3450 numero
833 3376 968 3449 civium
985 3400 1131 3472 aequum
1148 3399 1227 3448 esse
1244 3376 1304 3448 vel
1315 3376 1362 3448 ad

316 3491 454 3563 bonurn
465 3492 652 3587 publicum
667 3491 871 3563 conducere
884 3489 1079 3578 videbitur,
1091 3489 1156 3561 sed
1170 3499 1213 3561 ut
1225 3489 1363 3563 videbi·

317 3616 379 3676 tur
397 3628 577 3677 summam
593 3606 743 3677 habenti
758 3616 989 3700 potestatem.
1043 3602 1204 3698 Populus
1218 3602 1363 3676 Israeli-

316 3719 423 3806 ticus,
441 3742 525 3791 curn
543 3719 581 3791 in
600 3719 747 3791 deserto
765 3729 872 3806 esset,
892 3717 1020 3789 civitas
1040 3729 1144 3800 erat3
1171 3718 1363 3812 promissae

316 3842 439 3903 autem
452 3844 560 3904 terrae
574 3831 745 3904 dominus
760 3830 923 3902 nondum
936 3840 1024 3900 erat.
1079 3828 1209 3900 Postea
1223 3840 1361 3919 tamen,

316 3969 401 4017 cum
419 3944 518 4016 illam
532 3945 784 4040 acquisissent,
797 3968 871 4015 non
883 3966 962 4030 suo,
978 3942 1042 4014 sed
1056 3941 1222 4013 Eleazari
1241 3965 1362 4015 sacer-

316 4056 424 4146 dotis,
442 4070 480 4129 et
498 4057 601 4129 ducis
617 4059 638 4129 J
642 4081 741 4129 osuae
759 4056 911 4128 arbitrio
929 4055 1164 4127 distributam
1188 4056 1360 4151 possede-

315 4185 413 4242 runt.
440 4171 495 4242 Ex
507 4170 744 4265 quointelligi
756 4180 877 4265 potest
887 4170 1150 4264 proprietatem
1163 4181 1358 4258 terrarum,

316 4305 425 4376 quam
443 4285 555 4356 habet
572 4284 674 4373 civis,
694 4285 730 4357 in
763 4308 806 4356 co
830 4284 1042 4373 consistere,
1070 4295 1112 4355 ut
1140 4284 1186 4355 ab
1214 4283 1360 4358 illarum
