2926 4980
348 398 564 464 seranum
584 399 639 450 sn
659 398 914 450 nuvrsrnsu.
1078 386 1150 450 533

112 567 158 638 ab
183 565 341 638 animali
364 579 402 638 et
427 564 621 648 rationali,
647 577 690 638 ut
712 590 734 637 a
757 566 831 637 suis
857 565 1049 661 partibus;
1075 589 1152 637 nou

112 677 379 773 distinguentes
396 680 495 751 inter
521 678 773 750 definitionem
799 677 968 761 hominis,
996 701 1078 773 quae
1096 688 1152 750 est

111 792 237 862 oratio
255 791 393 864 habens
410 817 476 888 pro
502 792 668 888 partibus
693 791 843 863 nomina
868 790 1011 863 animat
1032 803 1071 864 et
1087 815 1152 863 ru-

112 904 264 993 tiouole,
277 918 315 977 et
331 906 517 978 hominem
528 905 659 1001 ipsum,
674 906 777 1000 cujus
788 915 911 999 partes
925 915 1012 977 sunt
1029 915 1151 1000 caput,

110 1016 272 1106 bustum,
292 1043 411 1108 crura,
438 1031 476 1092 et
501 1018 642 1114 reliqua
658 1018 833 1089 membra.
887 1018 961 1090 Sed
979 1018 1152 1113 quoniam

112 1128 244 1203 durum
259 1148 315 1206 est
326 1134 460 1206 animal
473 1133 652 1206 rationale
665 1131 703 1203 in
717 1140 889 1203 concreto
900 1131 1084 1226 appellare
1097 1154 1152 1202 es·

112 1246 281 1336 sentiam,
299 1248 467 1320 nonnulli
484 1246 677 1320 formulam
696 1244 794 1316 illam
817 1243 991 1338 loquendi
1009 1243 1151 1315 mollire

112 1360 312 1452 cupientes
342 1384 417 1432 non
446 1358 581 1431 animal
604 1357 795 1445 rationale,
817 1357 882 1428 sed
908 1356 1067 1429 animam
1093 1380 1151 1428 ra-

111 1470 298 1559 tionalem,
317 1474 512 1547 essentiam
529 1472 686 1546 hominis
704 1494 782 1543 esse
801 1470 953 1552 dicunt;
981 1469 1151 1542 eandem-

112 1607 182 1678 que
200 1585 440 1659 substantiam
469 1609 547 1658 esse
573 1584 724 1657 seorsim
747 1583 793 1655 ab
820 1582 981 1656 humano
999 1606 1151 1678 corpore

111 1697 340 1775 existentem.
403 1700 526 1794 Atque
553 1699 605 1771 ita
631 1695 827 1770 essentiam
847 1695 987 1768 faciunt
1009 1707 1152 1791 partem

111 1809 223 1904 ipsius
247 1811 406 1885 hominis
429 1813 676 1907 integrantem
694 1809 875 1902 simulque
893 1807 1134 1881 essentialem.

159 1921 208 1995 Α.
236 1924 268 1995 Ο
296 1925 481 1997 mirabiles
509 1922 628 1994 inanis
655 1920 895 2016 philosophiae
923 1919 1151 2016 praestigias!

111 2034 180 2107 Dio
198 2037 287 2131 quid
300 2040 377 2134 jam
395 2060 481 2109 vere
499 2047 537 2108 et
554 2035 701 2132 proprie
719 2034 901 2130 signifieat
911 2037 1116 2131 persora?

160 2148 207 2221 B.
235 2150 315 2221 Vox
333 2151 465 2222 Latina
482 2160 548 2236 est,
567 2147 777 2242 significans
795 2170 873 2218 rem
897 2169 1152 2242 quamcunque

110 2260 331 2356 singularem
350 2275 521 2358 agentem
538 2275 726 2355 utcunque
751 2283 817 2332 sua
840 2258 898 2331 vel
922 2258 1071 2330 alterius
1088 2283 1151 2331 vo-

110 2372 263 2446 luntate.
308 2376 369 2447 Sic
398 2374 526 2447 Cicero
557 2373 633 2467 (De
657 2372 832 2457 Oratore,
851 2372 887 2444 ii.
908 2376 1011 2464 102):
1050 2371 1151 2446 Unus

110 2487 274 2558 sustineo
292 2497 372 2560 tres
385 2511 586 2585 personas,
601 2487 682 2574 mei,
692 2485 851 2581 judicis,
870 2495 907 2558 et
925 2484 1151 2558 aduersarii.

112 2599 213 2673 Quid
222 2600 293 2673 hoo
308 2615 376 2689 est,
395 2601 466 2673 nisi
484 2599 581 2696 quod
599 2600 676 2695 ipse
691 2599 822 2672 Cicero
835 2611 959 2695 partes
972 2609 1098 2693 ageret
1116 2611 1154 2671 et

111 2736 205 2801 suas,
225 2725 261 2786 et
277 2713 423 2810 judicis,
443 2728 481 2786 et
498 2713 720 2785 adversarii?
774 2712 1002 2786 Quinetiam
1027 2725 1095 2802 est,
1114 2713 1153 2785 id

111 2827 211 2921 quod
227 2828 413 2899 invenitur
430 2828 468 2899 in
480 2826 703 2899 catechismo
717 2826 935 2920 Anglioano,
946 2825 1010 2896 ubi
1028 2826 1153 2899 minis-

110 2951 305 3035 terrogat:
328 2942 431 3026 Quid
441 2941 593 3035 eefidei
605 2950 675 3012 tuce
686 2939 863 3011 articulis
871 2939 1066 3036 precipue
1077 2939 1154 3010 clis-

111 3053 200 3126 cist
227 3054 520 3127 Catechumenus
542 3051 752 3148 respondit:
779 3051 897 3123 Disco
916 3052 1053 3148 primo,
1072 3075 1154 3125 cre-

111 3167 202 3240 dere
214 3168 251 3239 iu
267 3167 384 3239 Deum
401 3169 566 3254 Patrem,
580 3166 645 3263 qui
660 3165 803 3237 creooit
820 3190 876 3236 me
893 3175 931 3237 et
944 3165 1153 3237 uuiversum

111 3280 304 3363 muudum;
322 3281 495 3368 seeundo,
507 3280 545 3352 iu
558 3278 694 3351 Filium
712 3279 792 3372 ejus
802 3277 930 3351 lesum
951 3277 1151 3368 Christum,

111 3394 176 3488 qui
189 3394 349 3465 redemit
358 3419 414 3465 me
428 3403 466 3465 et
479 3392 688 3464 uniuersum
704 3415 825 3488 gertus
839 3390 1031 3463 humanum
1044 3419 1057 3474 ,·
1076 3403 1152 3465 ter-

112 3507 177 3595 tio,
197 3507 235 3578 iu
249 3507 431 3603 Spiritum
450 3505 637 3592 Sanctum,
656 3505 721 3601 qui
738 3504 989 3598 sanctificarit
1008 3529 1063 3576 me
1079 3530 1154 3577 om-

111 3645 264 3716 nemque
273 3619 428 3692 eleotum
437 3617 618 3716 poputum
628 3617 715 3706 Dei,
722 3617 791 3690 nisi
803 3617 901 3712 quod
913 3618 1011 3689 Deus
1024 3617 1061 3689 in
1073 3642 1154 3713 per-

112 3757 202 3806 sona
219 3734 367 3829 propria
380 3733 518 3805 creavit
536 3730 680 3812 omnia;
700 3731 738 3802 in
755 3753 913 3826 persona
922 3729 1004 3801 Filii
1021 3730 1078 3802 sui
1095 3755 1153 3803 re·

112 3847 227 3920 demit
240 3870 355 3943 genus
373 3847 596 3927 humanum
623 3844 661 3916 in
679 3868 835 3940 persona
853 3842 1009 3938 Spiritus
1028 3843 1154 3916 Sancti

111 3957 568 4033 eeclesiamsanctificavit.
597 3958 698 4032 Quid
707 3957 778 4030 hoo
789 3957 834 4029 de
844 3955 1010 4051 personis
1022 3956 1153 4030 divinis

111 4074 256 4161 clarius,
275 4086 341 4144 aut
358 4072 443 4144 fidei
468 4072 728 4166 congruentius
752 4071 824 4143 dici
840 4068 990 4165 potest?
1042 4071 1154 4145 Quod

111 4189 142 4259 si
154 4212 221 4283 pro
239 4211 397 4283 persona
410 4198 558 4258 utamur
577 4209 665 4258 voce
682 4183 871 4281 hypostasi
886 4208 969 4255 cum
982 4183 1151 4258 Patribus

112 4302 260 4389 Graecis,
280 4325 362 4372 cum
389 4297 595 4395 hypostasis
614 4310 651 4371 et
669 4297 876 4370 substantia
897 4295 994 4368 idem
1012 4297 1151 4393 signifi·

1207 599 1285 648 che.
1300 601 1324 648 1.

1192 679 1335 714 §.Y-2

1195 743 1230 786 De
1240 742 1337 799 symbolo

1194 808 1285 852 Niceno.
