2926 4980
298 358 371 425 296
538 375 591 428 nn
612 375 805 429 crvrrarn
827 374 1097 427 cnrusrrarm.

90 567 168 616 err.
177 569 285 619 xxxv.
300 540 499 615 dictionem
510 544 746 640 spiritualem,
758 554 935 641 quantum
947 541 1203 640 pretendunt;
1218 564 1340 637 neque

113 650 256 683 *Ν
297 653 587 749 jurisdictionem
605 657 643 729 in
657 658 750 731 coelo
765 682 830 730 rex
845 657 1038 753 quisquam
1052 654 1121 728 illis
1134 653 1339 727 indidisset.

86 711 120 755 De
130 713 289 769 dgnillenlionc

86 777 109 820 in
122 777 289 835 Setinum&
351 767 410 839 Ab
435 768 504 841 hac
529 770 832 866 interpretatione
849 770 1052 843 secundum
1070 768 1213 841 literam
1229 791 1340 840 voca-

86 842 130 885 oria
149 842 264 886 vocabule

86 908 289 959 memnona.
301 879 377 952 buli
395 905 548 978 regnum
566 883 654 974 Dei,
672 884 866 958 manifesta
882 886 925 957 fit
936 882 1155 980 significatio
1169 879 1341 954 vocabuli

85 978 290 1081 fffflffi
302 1003 480 1066 carectum.
533 995 707 1069 Sanctum
726 997 835 1086 enim,
853 997 891 1069 in
909 1020 1023 1092 regno
1040 995 1124 1080 Dei,
1141 994 1343 1090 respondet

301 1106 478 1179 vocabulo
488 1107 689 1205 publicum,
703 1110 741 1182 in
755 1110 963 1182 civitatibus
981 1108 1162 1180 humania

350 1220 429 1292 Rex
456 1218 494 1292 in
525 1221 625 1294 omni
652 1222 800 1295 civitate
827 1235 883 1295 est
906 1243 1062 1316 persona
1084 1219 1274 1318 publiea;
1301 1220 1342 1293 in

299 1332 446 1405 civitate
473 1333 552 1421 Dei,
579 1334 782 1429 appellatus
807 1346 863 1407 est
885 1333 985 1406 Deus
1002 1343 1156 1406 canctus
1183 1332 1342 1405 Israelis.

301 1445 459 1539 Populus
476 1445 610 1541 ubique
628 1447 796 1535 civitatiS,
821 1447 977 1543 populus
995 1457 1051 1519 est
1069 1447 1158 1542 ejus,
1177 1445 1240 1540 qui
1257 1468 1342 1541 per-

300 1582 427 1631 sonam
462 1559 556 1652 gerit
590 1560 794 1654 publicam
834 1560 1010 1632 Israelitae
1045 1573 1180 1641 autem,
1209 1582 1343 1653 nempe

300 1671 458 1767 populus
476 1672 544 1744 Dei
567 1672 739 1745 dicuntur
759 1674 890 1764 (Exod.
910 1673 983 1745 xix.
1003 1676 1040 1763 6)
1069 1673 1169 1745 Gens
1193 1681 1342 1743 sancta.

302 1783 404 1855 Nihil
431 1784 589 1856 enimin
615 1785 812 1881 Scripturis
844 1786 965 1858 Sacris
996 1799 1163 1858 sanctum
1193 1784 1343 1875 dicitur,

301 1907 435 1992 proeter
464 1895 502 1968 id
529 1897 628 1993 quod
662 1898 731 1970 Dei
760 1912 816 1971 est
849 1899 1096 1995 peculiariter,
1135 1899 1192 1971 vel
1221 1898 1343 1995 ipsum

301 2009 443 2095 Deum;
481 2012 577 2084 sicut
605 2011 790 2106 publicum
825 2036 968 2108 semper
1002 2024 1058 2084 est
1091 2012 1149 2084 vel
1183 2011 1345 2085 civitatis

302 2123 415 2220 ipsius
443 2149 609 2220 persona,
627 2125 683 2197 vel
708 2125 846 2221 aliquid
874 2125 973 2222 quod
996 2125 1093 2198 illius
1118 2137 1174 2197 est
1190 2125 1244 2198 ita
1258 2149 1344 2220 pro·

303 2236 435 2332 prium,
454 2249 496 2309 nt
519 2261 626 2309 nemo
647 2240 810 2333 privatus
831 2239 868 2311 in
887 2239 1040 2312 eandem
1058 2260 1135 2310 rem
1149 2240 1210 2334 jus
1226 2237 1342 2309 ullum

304 2351 448 2423 habeat.

354 2465 482 2560 Itaque
509 2464 746 2553 sabbathum,
765 2464 842 2537 dies
868 2464 948 2552 Dei,
972 2476 1026 2535 est
1053 2463 1134 2535 dier
1160 2472 1345 2544 sanctur,-

305 2577 482 2672 templnm
500 2577 580 2665 Dei,
599 2577 697 2672 quod
714 2591 769 2650 est
787 2578 856 2649 Dei
873 2576 1016 2663 domus,
1035 2576 1161 2647 doma
1178 2585 1342 2657 anneta,-

305 2690 494 2778 sacrificia,
506 2689 670 2776 decimae,
685 2701 722 2762 et
733 2690 947 2778 oblationes
963 2713 1043 2784 quae
1055 2701 1140 2760 sunt
1151 2688 1347 2783 vectigalia

305 2804 384 2892 Dei,
415 2803 538 2897 officia
572 2813 703 2874 saneto
716 2831 729 2885 ,·
764 2803 981 2891 sacerdotes,
1010 2802 1209 2897 prophetae,
1238 2825 1347 2897 reges

303 2917 417 3004 uncti,
439 2916 610 3009 (ministri
628 2916 727 3008 Dei),
741 2915 811 2987 oiri
823 2916 946 2988 cuncti
961 2943 973 2999 ‚·
1000 2916 1150 3010 spiritns
1163 2915 1345 3002 coelesteS,

304 3029 366 3126 qui
397 3030 475 3101 Deo
502 3028 722 3116 ministrant,
752 3028 833 3119 (Dei
857 3028 1011 3120 nuncii),
1039 3027 1181 3124 Angeli
1206 3027 1344 3099 cuncti.

305 3143 523 3237 Ubicunque
541 3141 698 3236 denique
722 3165 792 3213 vox
812 3150 978 3212 sanctum
1003 3141 1149 3235 proprie
1176 3140 1346 3229 sumitur,

304 3255 355 3328 ibi
373 3255 600 3349 significatur
617 3252 754 3348 aliquid
772 3253 870 3348 quod
889 3253 957 3325 Dei
975 3267 1030 3325 est
1042 3252 1242 3348 proprium.

355 3368 434 3439 Vox
445 3367 650 3463 prffumun
663 3366 700 3438 in
713 3366 903 3462 Scriptura
916 3366 1029 3438 Sacra
1042 3366 1197 3437 sumitur
1213 3389 1280 3459 pro
1299 3390 1344 3438 eo

306 3481 404 3576 quod
425 3492 480 3553 est
498 3505 706 3562 commum,-
733 3491 770 3552 et
787 3504 853 3576 per
871 3503 1109 3574 consequens.
1123 3489 1289 3551 cerretum
1307 3491 1346 3552 et

302 3595 499 3692 proprium
517 3594 553 3665 in
579 3618 693 3689 regno
721 3594 788 3666 Dei
816 3592 912 3666 idem
942 3605 1039 3665 sunt.
1092 3591 1345 3687 Metaphorice

304 3721 440 3796 autem,
459 3706 575 3779 saneti
592 3719 771 3780 vocantur
789 3707 900 3778 etiam
917 3706 987 3778 viri
1005 3707 1140 3795 devoti,
1155 3705 1217 3801 qni
1234 3706 1345 3777 rebus

304 3822 499 3893 mundanis
517 3821 786 3909 renunciantes,
801 3820 879 3892 Deo
898 3843 936 3891 se
955 3831 1052 3892 totos
1070 3818 1344 3891 dedicaverunt.

305 3933 549 4028 Sanctificari
563 3944 683 4005 autern
697 3932 843 4021 dieitur,
856 3931 955 4028 quod
967 3931 1170 4004 dedicando
1188 3930 1246 4003 vel
1259 3955 1346 4003 eon-

305 4046 482 4120 seernndo
511 4045 658 4117 servitio
690 4045 825 4134 divino,
844 4057 1010 4117 sanctum
1039 4045 1178 4117 factum
1196 4055 1275 4127 est;
1301 4057 1345 4117 ut

304 4161 481 4255 septimus
500 4159 588 4247 dies,
606 4159 644 4231 in
661 4172 847 4256 praecepto
867 4158 1041 4254 Deealogi
1063 4171 1218 4254 quarto:
1247 4171 1285 4230 et
1302 4170 1345 4231 ut

304 4273 424 4362 electi,
439 4274 475 4346 in
494 4274 730 4346 Testamento
746 4273 863 4362 Novo,
877 4272 1036 4368 quande,
1050 4272 1196 4369 praediti
1213 4271 1344 4367 spiritu
