2926 4980
498 365 552 417 nu
571 364 778 417 civicam.
1091 346 1159 411 169

118 535 200 630 ipsa
216 533 461 623 institutione,
479 533 617 606 semina
633 532 749 605 multa
779 528 1013 604 mortalitatis
1037 552 1060 600 a
1087 527 1160 600 dis·
1190 551 1265 601 cae.
1279 551 1324 601 xx

120 646 258 721 cordiis
275 647 411 719 civium
428 645 601 743 ipsorum.
1199 637 1324 741 ᾗῇ]

173 760 214 833 Si
229 758 320 832 civis
331 759 429 833 bello
443 773 572 856 captus
588 760 648 848 sit,
661 758 720 830 vel
732 781 899 854 personae
910 756 1070 829 autvitae
1082 756 1160 852 ejus
1202 763 1290 807 civium.

122 873 329 947 necessaria
344 872 444 946 intra
458 872 629 969 praesidia
643 871 806 944 hostium
822 870 917 953 sint;
943 870 1067 942 hostes
1097 893 1162 941 au-

122 998 200 1060 tem
213 986 327 1059 vitam
344 998 383 1059 et
400 986 564 1082 corporis
581 987 787 1059 libertatem
805 985 857 1057 illi
874 985 1100 1081 permittant,
1119 1005 1163 1054 ea

124 1099 339 1173 conditione
368 1112 413 1173 ut
437 1101 568 1174 victori
585 1099 754 1173 subditus
771 1098 834 1183 sit;
852 1099 941 1171 civis
958 1098 1018 1171 ille
1036 1096 1163 1170 condi·

124 1212 265 1286 tionem
281 1213 485 1309 accipiendi
499 1213 708 1287 libertatem
724 1213 859 1296 habet;
878 1223 916 1285 et
933 1236 1017 1285 cum
1034 1235 1164 1307 accep-

124 1326 273 1414 taverit,
307 1327 456 1400 victoris
486 1327 654 1399 subditus
687 1346 767 1406 est;
794 1351 880 1399 nam
914 1325 985 1398 alia
1020 1325 1163 1397 ratione

125 1463 343 1512 conservare
360 1463 399 1512 se
416 1463 490 1512 non
513 1441 646 1536 potuit.
699 1441 737 1513 Si
755 1441 835 1536 quis
853 1450 974 1513 autem
992 1439 1038 1511 ab
1056 1438 1163 1510 hoste

125 1552 165 1624 in
183 1577 331 1626 carcere
348 1565 413 1625 aut
424 1553 577 1626 vinculis
589 1553 807 1642 detineatur,
822 1577 890 1626 nec
905 1551 1077 1625 credatur
1094 1548 1164 1622 sibi

127 1690 263 1762 corpus
279 1690 397 1756 suum,
414 1678 524 1762 pacto
540 1667 686 1739 vinctus
713 1690 787 1739 non
815 1664 1045 1760 intelligitur,
1062 1662 1167 1736 ideo*

128 1805 199 1877 que
216 1779 392 1876 aufugere
414 1779 471 1852 vel
497 1804 641 1853 servare
659 1804 698 1852 se
716 1802 933 1877 quocunque
950 1777 1061 1851 modo
1081 1779 1164 1874 jure

127 1905 262 1990 potest.

181 2007 220 2079 Si
231 2007 432 2080 monarcha
448 2031 599 2081 summae
617 2007 792 2104 potestati
809 2030 876 2103 pro
893 2029 932 2078 se
956 2017 994 2078 et
1010 2003 1166 2077 haeredi·

129 2121 198 2194 bus
232 2121 307 2194 suis
337 2122 535 2213 renuntiet,
565 2122 721 2195 redeunt
755 2121 851 2193 cives
885 2118 932 2192 ad
959 2119 1165 2191 libertatem

129 2245 274 2306 naturae
287 2233 500 2306 absolutam.
552 2236 772 2330 Quanquam
785 2233 883 2305 enim
901 2232 982 2328 quis
1000 2231 1052 2303 illi
1069 2229 1166 2302 filius

130 2346 179 2419 sit
207 2347 265 2419 vel
290 2348 509 2443 cognatione
536 2349 722 2444 proximus
750 2345 885 2418 indicet
907 2357 1058 2428 natura3
1085 2343 1167 2438 quis

132 2473 257 2534 tamen
291 2459 344 2533 illi
374 2461 490 2533 haeres
524 2461 572 2533 sit
602 2458 795 2556 dependet,
813 2472 856 2531 ut
889 2471 1077 2530 ostensum
1112 2465 1168 2528 est

131 2573 253 2668 capite
269 2572 513 2668 praecedente,
532 2597 555 2644 a
571 2596 637 2645 sua
653 2571 765 2668 ipsius
784 2569 985 2642 voluntate.
1037 2570 1167 2664 ltaque

131 2684 359 2759 sihaeredem
374 2685 510 2758 habere
527 2684 632 2772 nolit,
648 2707 791 2755 summa
804 2694 967 2779 potestas
979 2692 1016 2754 et
1027 2683 1168 2777 subjec-

132 2798 185 2870 tio
199 2797 309 2894 perit.
362 2796 464 2869 Idem
477 2796 670 2892 contingit,
683 2796 712 2867 si
724 2797 902 2867 moriatur
913 2796 991 2867 sine
1002 2794 1170 2890 cognatis

133 2911 292 3006 cognitis
306 2920 345 2982 et
368 2910 446 2982 sine
467 2908 624 2983 haeredis
642 2907 898 2981 declaratione.
949 2909 1054 2980 'lunc
1071 2909 1168 2979 enim

133 3023 236 3096 nulla
248 3024 418 3119 cuiquam
431 3022 583 3096 debetur
596 3022 814 3112 obedientia,
827 3047 910 3094 cum
924 3024 983 3095 cui
993 3034 1170 3119 praestan-

134 3135 185 3208 da
202 3134 250 3207 sit
264 3135 466 3231 ignoretur.

187 3248 226 3320 Si
243 3259 465 3343 potestatem
482 3248 621 3321 habens
638 3271 816 3320 summam
835 3247 1021 3320 subditum
1038 3248 1076 3320 in
1094 3248 1170 3320 exi-

135 3360 226 3433 lium
243 3361 391 3445 mittat3
417 3374 588 3435 manente
614 3362 721 3434 exilio
747 3361 914 3434 subditus
940 3362 973 3435 ei
1000 3386 1074 3434 non
1100 3374 1168 3435 est.

138 3473 213 3546 Sed
239 3475 302 3569 qui
329 3475 368 3547 in
398 3474 583 3549 civitatem
605 3476 759 3548 alienam
776 3474 935 3548 mittitur
953 3475 998 3547 de
1023 3476 1172 3570 negotio

138 3587 274 3682 aliquo,
292 3586 401 3660 velis
430 3590 489 3661 cui
509 3588 733 3685 peregrinari
759 3588 993 3684 permittitur,
1020 3589 1108 3660 civis
1134 3602 1172 3661 et

139 3699 305 3773 subditus
322 3715 457 3774 manet.
511 3702 582 3774 Sed
594 3703 664 3775 hoc
678 3727 743 3798 per
761 3715 990 3775 contractum
999 3702 1103 3774 dnter
1121 3703 1173 3774 ci-

139 3814 273 3887 vitates
291 3815 349 3888 vel
365 3817 449 3911 jure
467 3817 631 3912 gentium
649 3817 715 3898 fit;
742 3839 816 3888 non
833 3816 869 3887 vi
886 3816 985 3912 pacti
1006 3816 1173 3912 alicujuS.

142 3928 362 4024 Quicunque
380 3931 477 4002 enim
496 3930 592 4003 iutra
609 3932 699 4002 fines
725 3929 853 4002 alienae
880 3929 1036 4001 civitatis
1062 3929 1174 4002 intra-

138 4041 246 4130 ¹verit,
263 4043 360 4116 illius
383 4044 541 4117 civitatis
566 4045 706 4140 legibus
732 4043 917 4138 subjectus
936 4055 1003 4129 est,
1021 4043 1091 4115 nisi
1114 4045 1176 4138 jus

142 4154 277 4228 habeat
295 4157 341 4229 ab
359 4156 521 4229 amicitia
537 4157 633 4229 inter
660 4181 698 4229 se
716 4157 904 4228 ambarum
923 4155 1123 4228 civitatum.

195 4267 233 4341 Si
250 4269 449 4342 monarcha
465 4268 560 4343 bello
579 4281 769 4365 superatus
787 4268 972 4343 subditum
990 4294 1028 4343 se
1045 4270 1176 4344 victori
