2926 4980
325 338 368 404 16
714 357 767 408 nn
787 356 970 408 nomina.

137 550 214 600 car.
227 551 279 600 ιιι.
320 520 480 617 quodam
498 520 597 593 circa
612 521 749 594 bellum
766 525 935 596 nostrum
951 523 1069 612 civile,
1088 520 1176 619 quid
1194 519 1361 616 imperti-

124 631 299 752 Μαι»
320 634 468 707 nentius
487 633 603 707 videri
629 645 774 730 poterat
798 661 908 732 quam
929 637 1169 732 interrogare,
1187 646 1229 707 ut
1246 635 1360 707 inter-

123 759 274 836 3¹⁸⁸iF⁰ff⁰¹⁴⁰
320 759 491 843 rogatum
509 758 599 837 erat,
615 748 755 823 denarii
772 751 929 824 Romani
947 760 1104 847 quantus
1118 750 1221 823 valor
1238 746 1359 821 esset?

123 831 309 882 mmmm
321 860 488 947 Cohaesio
503 871 628 934 tamen
651 861 713 935 illa
730 864 818 937 satis
835 864 926 936 mihi
943 864 1136 938 manifesta
1152 862 1358 935 videbatur.

320 975 417 1047 Nam
433 997 456 1046 a
473 974 696 1070 cogitatione
712 976 800 1049 belli
816 977 1029 1050 introducta
1045 988 1100 1049 est
1117 974 1295 1071 cogitatio
1313 974 1360 1047 de

320 1110 407 1185 rege
424 1111 448 1159 a
465 1086 619 1160 subditis
637 1089 711 1161 suis
736 1089 873 1162 tradito
890 1090 1077 1174 hostibus;
1104 1089 1278 1184 cogitatio
1296 1087 1361 1160 illa

320 1200 580 1296 cogitationem
608 1202 736 1297 genuit
759 1203 804 1275 de
827 1203 1035 1299 proditione
1051 1204 1140 1276 Jesu
1154 1201 1294 1276 Christi
1310 1200 1360 1274 ad

319 1312 490 1395 Judaeos;
518 1312 581 1385 illa
607 1337 732 1387 rursus
757 1317 899 1412 peperit
928 1316 1189 1413 cogitationem
1217 1314 1262 1387 de
1292 1314 1359 1386 tri-

319 1426 424 1522 ginta
434 1425 603 1514 denariis,
614 1426 832 1522 proditionis
843 1429 938 1502 illius
949 1431 1086 1525 pretio;
1104 1428 1190 1501 inde
1201 1425 1359 1523 denique

318 1538 425 1612 facile
460 1550 614 1633 sequuta
642 1550 699 1611 est
726 1540 904 1636 praedicta
932 1541 1183 1636 interrogatio.
1235 1540 1358 1636 Atque
1423 1564 1426 1569 ·

319 1651 399 1725 haec
431 1652 565 1741 omnia,
599 1666 750 1749 propter
784 1655 1010 1728 celeritatem
1041 1653 1286 1751 cogitationis,
1318 1653 1357 1725 in

319 1774 506 1838 momento
522 1764 599 1837 fere
616 1768 802 1863 temporis

371 1878 540 1952 Secunda
564 1879 791 1952 constantior
816 1892 883 1969 est,
901 1892 945 1953 ut
970 1904 1051 1975 quae
1071 1880 1117 1952 ab
1143 1879 1266 1974 aliquo
1283 1878 1358 1951 fine

320 1991 528 2065 desiderato
554 1991 734 2089 regulata
756 2006 823 2066 est.
875 1994 969 2066 Nam
988 1992 1177 2089 impressio
1195 1992 1293 2064 facta
1309 1992 1357 2064 ab

319 2104 364 2178 iis
382 2105 502 2194 rebuS,
517 2128 608 2201 quas
626 2105 792 2200 cupimus
808 2106 865 2177 vel
882 2105 1090 2190 metuimus,
1107 2103 1230 2177 vivida
1247 2114 1303 2175 est
1320 2115 1357 2176 et

319 2241 549 2314 permanens,
566 2218 636 2306 vel,
655 2218 686 2290 si
708 2218 855 2313 paulum
879 2217 975 2291 forte
998 2229 1130 2306 cesset,
1145 2218 1218 2291 cito
1236 2216 1355 2300 redit;

319 2331 486 2428 adeoque
505 2342 561 2404 est
577 2331 773 2427 aliquando
789 2330 906 2420 fortia,
921 2342 963 2403 ut
976 2355 1144 2404 somnum
1157 2353 1232 2402 non
1245 2330 1356 2403 modo

319 2446 508 2541 impediat,
525 2443 590 2516 sed
607 2444 719 2517 etiam
736 2445 940 2540 abrumpat.
992 2445 1026 2517 Α
1044 2444 1223 2517 desiderio
1238 2444 1356 2517 oritur

318 2558 494 2654 cogitatio
520 2557 633 2631 medii
657 2557 705 2630 ad
731 2581 808 2631 rem
839 2556 1083 2631 desideratam
1107 2556 1355 2645 obtinendam,

318 2673 424 2768 quale
454 2671 614 2744 medium
645 2671 850 2744 videramus
884 2682 970 2744 ante
1000 2672 1154 2744 similem
1185 2671 1356 2743 effectum

315 2785 542 2881 produxisse.
585 2785 726 2858 Eodem
742 2785 852 2858 modo
866 2785 1043 2881 cogitatio
1057 2783 1168 2857 medii
1182 2783 1354 2856 adfinem

314 2898 487 2994 producit
512 2897 772 2993 cogitationem
797 2898 909 2970 medii
935 2898 982 2970 ad
1008 2896 1099 2970 illud
1124 2896 1297 2984 medium,
1317 2907 1355 2968 et

316 3011 368 3083 sic
387 3009 569 3105 deinceps,
583 3008 700 3081 donec
718 3010 888 3081 veniatur
904 3009 953 3081 ad
969 3009 1189 3104 principium
1205 3006 1355 3101 aliquod

315 3121 354 3195 in
371 3132 552 3217 potestate
569 3131 705 3193 nostra.
751 3120 936 3194 Quoniam
953 3132 1077 3193 autem
1094 3117 1188 3206 finis,
1202 3129 1354 3214 propter

316 3234 608 3331 magnitudinem
625 3233 885 3329 impressionis
904 3256 1001 3328 saepe
1018 3243 1057 3304 et
1073 3231 1180 3304 facile
1198 3233 1354 3304 recurrit

314 3350 450 3437 animo,
465 3348 496 3420 si
508 3346 684 3444 caeperint
699 3347 796 3420 forte
813 3347 1054 3443 cogitationes
1073 3344 1231 3440 evagari,
1245 3343 1353 3418 facile

315 3486 440 3536 rursus
463 3462 502 3533 in
523 3461 621 3534 mam.
646 3460 883 3533 reducuntur.
935 3460 1047 3554 Cujus
1069 3457 1123 3530 rei
1146 3458 1353 3532 observatio

314 3576 415 3666 fecit,
441 3584 483 3648 ut
506 3584 645 3670 septem
669 3574 888 3669 sapientium
916 3571 1114 3646 celebrium
1139 3594 1233 3643 unus
1258 3597 1354 3668 prae-

224 3721 226 3724 >
316 3700 463 3783 ceptum
477 3686 592 3775 daret,
605 3685 705 3782 quod
716 3685 827 3759 hodie
839 3686 968 3758 tritum
978 3694 1048 3772 est,
1060 3684 1209 3781 respice
1209 3685 1353 3778 finem

314 3823 381 3895 per
398 3799 508 3897 quod,
527 3799 565 3872 in
584 3799 754 3872 omnibus
771 3799 976 3872 actionibus
993 3797 1125 3894 saepius
1143 3810 1354 3894 respectan-
1417 3844 1419 3848 2

315 3912 403 3985 dum
414 3936 492 3986 esse
505 3911 828 4000 monetadfinem,
838 3924 881 3984 ut
893 3911 941 3985 ad
954 3911 993 3984 id
1004 3910 1103 4008 quod
1113 3910 1353 4007 cogitationes

316 4049 444 4098 omnes
461 4025 500 4097 in
517 4025 577 4098 via
594 4024 641 4097 ad
657 4026 768 4098 finem
785 4025 1024 4098 obtinendum
1041 4025 1178 4119 dirigit.

367 4139 487 4212 Series
512 4137 776 4234 cogitationum
801 4137 980 4236 regulata
1003 4138 1116 4211 etiam
1133 4137 1266 4233 duplex
1284 4149 1351 4209 est.

316 4252 456 4343 Altera,
476 4251 623 4349 quando
640 4252 793 4349 alicujus
817 4252 967 4324 effectus
984 4251 1154 4348 concepti
1171 4274 1297 4324 causas
1315 4263 1353 4321 et
