2926 4980
93 563 171 613 CAP.
184 565 271 615 XXX.

113 648 252 680 *we-u

96 702 131 745 De
141 702 276 746 officiosum-

95 767 125 810 mi
135 767 267 825 imponatis

294 351 366 417 252
679 367 733 417 nn
750 367 957 418 crvrmra.

295 534 357 629 qui
373 558 439 631 per
456 535 582 608 turbas
594 535 759 632 publicas
773 535 821 608 ad
831 536 1034 632 potentiam
1047 537 1220 632 aspirant,
1235 561 1331 633 prae-

293 646 375 719 miis
391 648 547 738 afficere,
566 660 603 722 et
628 673 702 721 non
726 650 849 745 potius
866 649 905 721 in
921 649 1110 746 principiis
1126 673 1247 745 parvo
1264 675 1330 747 pe-

292 759 421 850 riculo,
441 785 549 857 quam
565 774 694 857 postea
710 763 873 858 periculo
891 763 1029 857 majore
1047 764 1265 859 opprimere.

342 873 402 946 Ad
419 874 575 946 officium
593 875 808 971 imperantis
826 875 937 948 etiam
953 876 1114 971 pertinet
1126 877 1242 949 bonos
1260 876 1330 950 sibi

291 980 425 1081 eligere
451 988 702 1074 consiliarios;
728 988 768 1061 id
792 988 891 1085 quod
909 988 954 1061 de
971 990 1177 1063 monarchis
1195 990 1330 1063 intelli-

289 1099 451 1194 gendum
478 1111 544 1172 est.
596 1101 693 1173 Nam
717 1101 756 1172 in
779 1102 933 1174 coetibus
957 1103 1117 1191 summis,
1135 1102 1226 1174 nulli
1244 1114 1329 1176 sunt

288 1224 423 1308 praeter
435 1214 534 1310 ipsos
545 1215 754 1288 consiliarii.
782 1216 875 1288 Boni
887 1225 1009 1288 autem
1022 1214 1217 1288 consiliarii
1229 1226 1327 1305 sunt,

288 1326 406 1421 quiin
426 1328 525 1399 omni
543 1351 678 1423 genere
695 1329 835 1424 negotii
852 1328 988 1425 publici
1012 1328 1168 1401 maxime
1192 1330 1328 1401 versati

288 1449 384 1528 sunt,
404 1440 606 1536 quibusque
631 1466 654 1514 a
679 1442 831 1514 consilio
856 1465 968 1538 pravo
993 1441 1145 1514 minima
1165 1441 1212 1514 sit
1234 1442 1327 1515 lucri

289 1575 381 1648 spes.
434 1552 527 1626 Quis
557 1553 605 1625 sit
635 1553 698 1650 qui
723 1579 746 1626 a
770 1554 866 1626 malo
893 1554 1038 1649 publico
1064 1553 1133 1625 sibi
1158 1566 1327 1650 expectet

286 1665 436 1755 bonum,
458 1666 553 1738 scitu
572 1666 717 1739 difficile
734 1679 810 1751 est;
837 1666 1039 1740 cavendum
1061 1677 1184 1739 tamen
1206 1679 1261 1740 est
1280 1669 1326 1741 ab

285 1776 331 1850 iis
349 1778 480 1874 quibus
497 1780 615 1852 turbae
631 1791 785 1875 possunt
802 1803 881 1852 esse
898 1779 1018 1852 utiles.
1071 1779 1173 1852 Scire
1190 1792 1325 1870 autem,

286 1891 350 1986 qui
368 1891 442 1964 sint
459 1893 616 1965 civitatis
634 1892 831 1965 consiliarii
846 1892 967 1989 periti,
985 1906 1023 1966 et
1039 1893 1195 1989 publicis
1212 1916 1326 1989 nego-

285 2002 347 2075 tiis
364 2028 481 2100 pares,
499 2006 610 2079 etiam
624 2005 806 2077 difficilius
824 2017 891 2079 est.
944 2006 987 2077 In
1001 2005 1100 2078 omni
1114 2005 1212 2078 enim
1229 2019 1324 2094 arte,

286 2116 349 2211 qui
365 2117 543 2190 artificem
560 2119 718 2214 peritum
729 2118 775 2190 ab
787 2118 958 2213 imperito
972 2118 1173 2214 dijudicare
1189 2132 1324 2216 potest,

285 2229 418 2303 artifex
436 2231 512 2327 ipse
530 2242 595 2304 est.

335 2344 668 2439 Quantumcunque
685 2357 809 2417 autem
826 2343 935 2440 periti
952 2344 991 2416 in
1016 2368 1235 2441 quocunque
1260 2368 1324 2417 ne-

283 2456 385 2551 gotio
401 2457 548 2551 publico
566 2457 760 2529 consiliarii
777 2457 864 2545 sint,
882 2456 1022 2528 civitati
1040 2456 1168 2529 melius
1194 2481 1324 2531 consu-

282 2568 373 2658 lent,
385 2569 415 2642 si
426 2569 616 2642 consilium
631 2570 843 2666 consiliique
857 2592 984 2641 causas
999 2581 1037 2640 et
1053 2569 1214 2642 rationes
1226 2593 1325 2642 seor-

283 2706 364 2755 sum
396 2682 620 2778 impertiant,
652 2707 761 2777 quam
795 2706 921 2754 omnes
956 2682 1063 2754 simul
1097 2705 1163 2778 per
1196 2683 1325 2779 longas

283 2795 482 2879 orationes3
509 2797 711 2892 meliusque
741 2794 1006 2890 praemeditato,
1026 2818 1135 2889 quam
1164 2819 1209 2867 ex
1232 2813 1324 2868 tem-

281 2932 399 3005 pore;
443 2934 528 2982 nam
558 2921 596 2982 et
625 2910 707 3005 plus
737 2909 873 2981 habent
903 2909 1036 3004 singuli
1067 2910 1241 3005 temporis
1273 2911 1321 2983 ad

282 3023 507 3118 agendorum
534 3022 813 3117 consequentias
838 3021 1115 3116 percurrendas,
1137 3034 1175 3094 et
1201 3023 1322 3095 minus

281 3135 388 3208 facile
405 3158 471 3232 per
497 3134 683 3223 invidiam,
702 3134 982 3223 aemulationem,
1000 3135 1161 3230 aliasque
1183 3136 1322 3231 passio-

280 3272 357 3336 nes,
376 3272 458 3344 quae
477 3258 681 3320 nascuntur
699 3271 722 3318 a
739 3246 947 3318 diversitate
971 3247 1248 3337 sententiarum,
1266 3273 1322 3321 se-

281 3362 478 3434 ducuntur.

329 3475 374 3546 In
387 3475 431 3547 iis
442 3475 649 3570 rebusquae
660 3473 826 3546 civitates
840 3485 1009 3545 externas
1021 3497 1094 3545 non
1109 3473 1320 3569 respiciunt,

278 3586 343 3661 sed
361 3587 495 3661 civium
508 3587 702 3661 commoda
717 3587 780 3659 illa
797 3610 879 3682 quae
897 3585 1101 3682 exlegibus
1119 3586 1319 3660 introrsum

278 3711 423 3774 tantum
434 3701 682 3798 spectantibus
692 3699 849 3773 obtineri
867 3711 1031 3794 possunt,
1050 3698 1242 3771 consilium
1255 3723 1319 3795 op-

277 3814 409 3887 timum
426 3825 494 3904 est,
512 3813 612 3909 quod
629 3837 651 3886 a
668 3812 855 3885 desideriis
866 3823 904 3884 et
917 3812 1153 3907 querimoniis
1164 3811 1319 3884 sumitur

278 3952 301 4000 a
318 3928 544 4023 singularum
554 3925 822 4022 provinciarum
837 3924 982 4008 incolis;
1009 3925 1080 3997 illis
1095 3924 1193 3997 enim
1204 3924 1318 3996 maxi·

278 4064 337 4112 me
361 4040 550 4135 cognitum
577 4051 644 4127 est,
671 4039 801 4134 quibus
829 4039 937 4110 rebus
962 4038 1032 4133 ipsi
1050 4036 1207 4110 maxime
1224 4036 1318 4109 indi-

278 4164 400 4247 geant.
425 4153 555 4248 Itaque
570 4153 601 4226 si
615 4152 705 4224 nihil
716 4162 856 4248 petant,
870 4152 1063 4247 quodcum
1073 4153 1156 4247 jure
1167 4173 1316 4223 summae

278 4266 471 4359 potestatis
497 4264 575 4338 'non
603 4264 783 4351 consistit,
813 4265 923 4359 quod,
945 4278 987 4336 ut
1019 4264 1149 4360 saepius
1176 4262 1315 4336 dictum
