2926 4980
44 369 116 436 230
417 393 471 444 nu
491 393 700 445 crumena.

12 586 30 636 n
92 555 215 653 Atque
231 558 312 632 haeo
330 559 520 635 dictasint
537 563 583 636 de
601 565 720 659 poeuis
738 575 776 636 et
792 564 980 660 praemiis3
1008 584 1092 657 quae

43 682 128 743 sunt
146 672 248 766 quasi
266 673 368 746 nervi
386 685 424 748 et
441 675 619 766 tendines,
638 677 772 773 quibus
789 688 985 749 moventur
1001 673 1092 747 civi-
1143 741 1147 747 .

43 783 130 858 tatis
146 798 259 859 artus.

94 898 284 973 Hactenus
296 900 341 974 de
354 912 487 975 natura
498 902 669 988 hominis,
681 926 791 999 quem
805 901 978 997 superbia
993 901 1093 973 aliae·

43 1034 115 1109 que
141 1012 327 1107 passiones
353 1039 429 1089 suae
453 1015 501 1089 ad
526 1016 818 1091 submittendum
848 1039 889 1089 se
919 1014 1089 1111 regimini

44 1124 152 1200 alicui
170 1127 439 1223 compulerunt,
453 1141 492 1203 et
511 1130 664 1203 rectoris
681 1130 737 1203 sui
753 1129 922 1225 potentia
938 1128 1091 1224 ingente

45 1239 224 1322 disserui;
251 1265 467 1337 comparans
476 1241 581 1315 illum
594 1267 729 1339 magno
740 1243 794 1315 illi
805 1241 1025 1325 Leviathan3
1044 1241 1092 1313 de

45 1377 117 1450 quo
145 1354 230 1446 (Job
248 1355 310 1427 xli.
329 1365 390 1444 24,
409 1358 474 1449 25)
503 1355 594 1428 dicit
611 1357 723 1445 Deus,
752 1380 823 1428 oon
840 1365 900 1427 eat
911 1365 1091 1453 potestas

44 1476 339 1564 superterram,
366 1494 448 1566 queo
474 1478 713 1566 comparetur
745 1469 810 1540 ei:
839 1468 983 1564 factus
1019 1478 1090 1558 est,

46 1580 103 1654 ito
120 1590 161 1652 ut
178 1604 248 1653 ooo
266 1591 428 1655 metuat:
455 1581 558 1656 uidet
574 1580 748 1654 sublimio
765 1581 885 1654 omnio
897 1581 1003 1678 lepra
1019 1605 1094 1663 se,-

46 1703 85 1767 et
105 1717 175 1766 rea
198 1703 257 1766 est
282 1696 436 1768 omnium
450 1694 623 1790 filioram
651 1693 850 1793 superbire.
903 1696 1091 1770 Quoniam

46 1816 172 1882 autem
190 1807 355 1882 mortalis
372 1820 439 1898 est,
458 1819 507 1896 et,
526 1808 658 1880 utalia
679 1819 827 1880 terrena
853 1807 987 1894 omnia,
1005 1830 1088 1878 cor·

46 1921 208 2018 ruptioni
226 1922 425 1995 obnoxius:
454 1934 490 1994 et
505 1921 640 2017 quiain
654 1921 768 2009 coelis,
788 1943 995 2016 quanquam
1012 1943 1088 1991 non

47 2035 85 2106 in
104 2035 222 2122 terrie,
241 2045 297 2108 est
316 2035 416 2131 quod
433 2046 584 2124 metuat,
602 2045 640 2108 et
657 2034 761 2129 cujus
778 2034 921 2129 legibus
937 2031 1087 2105 obedire

47 2148 180 2221 debet:
203 2149 335 2238 dicam,
350 2150 387 2222 in
403 2150 545 2223 duobus
563 2148 743 2245 capitibus
757 2147 923 2243 proxime
935 2168 1088 2242 sequeu-

47 2262 158 2350 tibus,
171 2263 216 2336 de
234 2263 370 2337 morbis
388 2276 427 2337 et
444 2263 562 2336 causis
582 2263 709 2335 mortis
727 2264 816 2357 ejuS,
827 2273 865 2334 et
882 2260 928 2333 de
944 2259 1087 2356 legibus

49 2376 276 2449 naturalibus
304 2377 435 2472 quibus
455 2374 604 2450 obedire
626 2375 822 2471 obligatur.

463 2627 656 2637 ———

403 2796 567 2868 CAPUT
592 2795 735 2867 XXIX.

52 2956 98 3003 DE
118 2956 160 3002 llS
176 2955 301 3021 REBUS,
320 2957 400 3011 QUAE
414 2957 609 3005 CIVITATEM
624 2955 887 3020 LABEFAC'I'ANT,
903 2955 1090 3004 TENDUNT-

292 3056 362 3110 QUE
382 3056 429 3104 AD
447 3056 731 3105 DISSOLUTIONEM
750 3055 843 3104 EJUS.

53 3169 300 3248 Qunuouau
319 3170 525 3242 immortale
543 3171 630 3243 nihil
651 3171 710 3259 sit,
729 3170 827 3266 quod
844 3171 1018 3244 mortales
1035 3171 1090 3244 fa-

53 3282 166 3370 ciunt,
185 3281 215 3353 si
233 3292 357 3353 tamen
383 3284 536 3356 rationis
553 3308 671 3373 usum,
691 3307 799 3380 quem
818 3283 886 3355 sibi
903 3293 1090 3380 arrogant,

51 3393 217 3468 homines
247 3393 436 3483 haberent,
463 3397 542 3468 fieri
568 3409 692 3492 posset
717 3397 845 3470 civitas
862 3395 954 3469 adeo
972 3399 1089 3485 firma,

52 3520 94 3581 ut
111 3510 157 3581 ab
178 3508 332 3580 internis
359 3508 490 3581 saltem
515 3511 653 3584 morbis
679 3512 830 3583 interire
856 3534 929 3583 non
955 3524 1090 3607 posset.

54 3622 150 3695 Nam
168 3623 198 3695 si
215 3622 457 3694 institutionis
478 3623 556 3718 ejus
582 3637 788 3719 spectemus
811 3626 933 3711 finem,
951 3624 1092 3698 videbi-

54 3749 115 3808 tur
132 3736 230 3808 facta
246 3734 294 3807 ad
310 3735 425 3807 vitam
439 3736 585 3830 generis
601 3736 752 3809 humani
770 3736 828 3809 vel
843 3736 968 3833 legum
985 3747 1091 3810 natu-

54 3848 185 3921 ralium
202 3848 260 3920 vel
276 3848 431 3944 justitiae
449 3849 575 3944 ipsius,
602 3875 625 3922 a
650 3851 781 3946 quibus
807 3851 920 3923 vitam
946 3851 1091 3946 ancipit,

55 3962 240 4035 durationi
254 3962 444 4057 aequalem.
499 3964 653 4037 Quoties
671 3989 759 4060 ergo
777 3989 851 4037 non
878 3964 915 4036 vi
937 3976 1094 4037 externa

55 4075 120 4149 sed
146 4077 385 4149 seditionibus
415 4077 572 4151 internis
599 4080 728 4152 civitas
754 4078 966 4167 destruitur,
985 4081 1094 4176 culpa

55 4202 111 4262 est
128 4190 408 4264 instituentium.
445 4191 626 4266 Homines
639 4194 737 4266 enim
755 4216 987 4289 quamquam,
1006 4218 1092 4266 con-

55 4301 216 4397 fligendo
234 4327 345 4399 seque
363 4317 492 4378 mutuo
509 4307 737 4381 vulnerando
762 4304 905 4393 defessi,
923 4306 961 4378 in
979 4331 1093 4381 unum
