2926 4980
312 340 360 406 94
707 355 760 407 nn
780 350 963 409 nonius.

119 554 197 605 cnr.
210 555 273 606 xu.
312 535 457 608 hortem
474 548 539 608 eut
557 537 772 610 centuriam.
825 536 899 610 Sed
912 537 959 609 de
975 558 1091 632 regno
1105 536 1174 609 Dei
1191 546 1271 610 tum
1287 560 1354 634 per

113 636 269 757 ὦ
311 659 472 745 pentum,
490 659 569 722 tum
586 665 654 746 per
669 655 840 722 naturam
858 650 973 722 fusius
990 649 1135 722 dicetur
1147 650 1253 724 infre.

361 762 395 834 A
421 760 683 836 constitutione
712 762 932 858 religionum
957 773 1110 859 apparet
1136 763 1246 837 etiem
1276 787 1354 837 mo-

311 874 391 964 dus,
404 889 479 971 qno
497 890 623 948 rursus
641 875 680 948 in
696 875 878 972 principia
890 898 957 949 ena
972 877 1091 972 prima
1107 877 1351 966 resolvuntur,

309 1010 442 1084 nempe
459 989 498 1061 ln
521 983 746 1084 agnitionem
770 989 973 1062 divinitatis
996 990 1072 1063 sive
1089 991 1265 1086 potentiae
1291 1014 1352 1064 sn-

308 1102 552 1197 pernaturalis
569 1102 783 1198 simpliciter
798 1132 807 1186 ;
835 1120 917 1198 quae
934 1100 1075 1198 agnitio
1094 1122 1283 1199 nunqnam
1299 1104 1352 1177 ite

308 1215 447 1289 aboleri
463 1226 597 1311 potest,
609 1216 699 1312 quin
709 1215 795 1288 inde
805 1239 911 1289 novoe
924 1215 1130 1311 religiones,
1145 1215 1176 1289 si
1190 1217 1350 1290 cultores

308 1329 529 1402 occesserint
545 1319 680 1418 idonei,
698 1328 959 1426 germineturae
976 1328 1061 1402 sint.

357 1442 454 1514 Cum
466 1438 564 1514 enim
579 1442 708 1539 religio
722 1443 840 1516 omnis
851 1441 1010 1516 formate
1019 1442 1066 1516 eb
1077 1442 1183 1515 initio
1194 1441 1351 1515 fundate

308 1554 356 1628 sit
374 1556 413 1628 in
429 1556 503 1628 fide
514 1572 625 1653 quem
638 1556 750 1631 hebet
762 1556 826 1629 uni
840 1556 949 1630 elicui
965 1579 1134 1652 personae
1152 1554 1349 1629 multitudo

306 1668 510 1759 hominum,
527 1693 639 1766 quam
658 1689 858 1768 personam
878 1690 954 1742 non
980 1669 1091 1742 modo
1109 1668 1230 1742 virum
1245 1669 1350 1766 snpi-

306 1791 426 1854 entem
438 1802 518 1856 esse
535 1793 574 1855 et
591 1781 812 1872 benevolum,
826 1782 892 1856 sed
908 1782 1022 1856 etiem
1038 1792 1219 1871 sanctem,
1237 1791 1276 1853 et
1289 1782 1350 1855 cui

306 1894 406 1968 Deus
415 1897 644 1970 voluntatem
657 1918 759 1970 suem
774 1896 1044 1992 supernaturali
1054 1896 1165 1969 modo
1177 1894 1348 1991 dignatus

306 2007 355 2080 sit
370 2008 568 2093 revelem
595 2010 800 2083 necessario
818 2010 996 2106 sequitur,
1014 2020 1104 2082 tunc
1122 2008 1269 2104 qnando
1286 2031 1349 2080 nu-

305 2121 464 2195 tistitum
492 2114 679 2218 religionis
699 2134 763 2195 aut
787 2122 980 2220 rapientia
1008 2133 1073 2194 aut
1095 2120 1348 2194 benevolentia

305 2247 371 2308 aut
380 2235 567 2308 sanctitat
582 2248 753 2332 suspecte
765 2236 825 2326 sit,
837 2246 903 2308 eut
915 2235 1157 2308 revelationis
1171 2235 1347 2309 indicium

201 2395 204 2401 ‚
305 2363 414 2421 omne
432 2349 546 2438 deest,
569 2360 613 2421 ut
638 2349 779 2446 religio,
798 2370 909 2446 quam
937 2358 1180 2422 sustentatam
1197 2349 1346 2438 vellent,

305 2461 377 2534 nisi
393 2461 536 2558 gladius
553 2462 669 2536 civilis
685 2463 889 2559 prohibeat,
909 2464 1109 2559 rejiciatur.

354 2575 586 2648 Existimatio
602 2576 801 2674 sapientiae
815 2577 854 2649 in
872 2576 1084 2650 doctoribus
1101 2576 1243 2649 tollitur
1256 2600 1347 2672 quo-

305 2688 375 2760 iles
392 2685 493 2761 credi
507 2689 639 2784 jubent
652 2688 951 2762 contradictoria.
1005 2690 1135 2762 Sciunt
1152 2689 1250 2763 enim
1268 2715 1346 2763 om-

304 2817 382 2890 nes,
396 2802 508 2873 etiam
518 2800 657 2874 indocti
669 2802 732 2897 qui
743 2802 833 2898 quid
850 2802 898 2876 sit
909 2802 1154 2876 contradictio
1164 2803 1345 2895 nesciunt,

304 2913 343 2985 in
374 2913 669 2987 contradictoriis
702 2916 858 2988 alterum
892 2940 972 2989 esse
1005 2915 1148 2988 falsum.
1216 2917 1345 3013 Itaque

302 3038 501 3129 ntmmque
519 3028 620 3100 credi
636 3028 730 3101 velle
747 3029 925 3102 indidem
942 3039 999 3102 est
1019 3029 1248 3126 ignorantiae,
1266 3055 1343 3102 om-

302 3157 459 3235 nemque
477 3164 605 3213 eornm
619 3141 825 3217 doctrinam
839 3152 1047 3239 suspectam
1060 3142 1191 3215 reddit.
1220 3143 1344 3217 Quen-

303 3275 413 3349 qnnm
443 3244 657 3327 enimvero
690 3279 769 3329 esse
802 3266 957 3353 possunt
996 3280 1079 3351 quae
1115 3264 1201 3329 sunt
1235 3277 1345 3350 snpre

302 3365 479 3439 rationem
497 3367 715 3457 naturalem,
739 3378 991 3442 verumtamen
1009 3382 1139 3442 eontra
1163 3368 1344 3441 rationem

300 3478 393 3551 nihil
410 3490 477 3551 est.

354 3591 590 3664 Existimatio
601 3591 822 3664 sanctitatis
835 3592 979 3665 tollitur
991 3592 1161 3665 faciendo
1172 3592 1344 3666 dicendo·

300 3727 345 3776 ve
356 3728 401 3776 ea
417 3718 500 3799 qnae
515 3703 716 3794 doctorem,
730 3729 811 3801 quae
830 3705 949 3795 docet,
963 3706 1083 3802 ipsum
1100 3729 1175 3779 non
1193 3706 1343 3779 credere

301 3816 478 3890 indicant.
531 3818 655 3912 Atque
682 3818 783 3892 iacta
813 3831 851 3892 et
885 3820 984 3893 dicta
1016 3820 1116 3910 talia,
1145 3821 1231 3917 quia
1257 3844 1341 3916 pro-

301 3920 473 4004 cedentes
502 3930 541 4002 in
573 3930 634 4002 via
650 3931 839 4028 religionis
868 3932 1062 4029 procidere
1090 3943 1155 4006 ent
1181 3933 1341 4006 titubare

300 4055 449 4139 cogunt,
476 4044 663 4117 seandala
689 4045 873 4134 dicuntur,
893 4046 1015 4142 qualia
1040 4066 1126 4120 sunt
1149 4046 1339 4144 injustitie,

300 4156 509 4245 crudelitas,
524 4157 744 4253 hypocrisia,
763 4160 927 4249 avaritia,
939 4160 1093 4250 luxuria,
1112 4172 1181 4233 etc.
1210 4160 1249 4233 Si
1260 4159 1340 4255 quis

299 4269 397 4342 enim
415 4293 459 4343 ea
477 4267 642 4365 quotidie
659 4271 783 4361 societ,
802 4297 885 4369 qnne
902 4273 949 4347 ab
966 4274 1023 4347 his
1045 4284 1229 4368 exurgunt
1245 4273 1340 4346 radi-
