2926 4980
261 341 335 408 438
503 357 558 408 nn
578 356 772 409 crvtraru
791 356 1060 411 cnmsrrsrm.

49 533 362 605 emanaturas
389 523 519 596 Sacros
536 526 687 597 verbum
711 525 780 597 Dei
806 548 884 598 esse
910 525 1105 614 credimus,
1124 523 1313 622 dispntmi

82 638 219 670 ’'²'‘
260 638 365 724 solet,
385 637 692 732 quemadmodum
709 640 953 713 necessarium
972 653 1029 713 est
1052 638 1217 711 multum
1237 638 1313 713 dis-

49 705 247 763 Dciisquoetdr*

48 772 248 828 omimium·
259 751 382 846 putari
396 753 616 847 quaestiones
631 753 722 842 illas,
736 778 818 849 qnae
829 778 905 826 non
918 766 1018 827 recte
1032 763 1312 849 proponuntur.

48 835 238 945 ῗῖἒῖζζῖᾞ
260 864 345 937 Non
374 865 469 937 enim
499 881 679 961 quaerunt,
698 891 765 939 cur
791 867 988 956 credimus,
1006 866 1082 954 sed,
1102 866 1204 939 unde
1234 866 1313 940 aci-

260 1002 338 1050 maa
350 1005 364 1061 ;
400 978 503 1074 quasi
535 978 633 1051 idem
661 991 756 1052 esset
786 979 944 1052 credere
971 991 1009 1053 et
1038 979 1152 1051 scire.
1208 979 1314 1053 Dum

260 1114 348 1187 ergo
366 1116 451 1188 pars
468 1093 582 1165 altera
599 1093 790 1166 scientiam
808 1118 911 1165 suam
936 1093 1118 1166 deducere
1146 1105 1314 1166 conatur

260 1205 306 1276 ab
317 1204 575 1278 infallibilitate
588 1205 1140 1294 ecclesiae,alteraotestimonio
1152 1204 1315 1301 spiritus

259 1317 314 1390 sui
338 1318 482 1412 privati,
500 1341 585 1413 pars
614 1329 746 1391 neutra
768 1318 807 1390 id
833 1318 932 1413 quod
948 1318 1028 1391 vult
1043 1318 1192 1414 probat.
1250 1320 1314 1393 In·

258 1430 458 1503 fallibilitos
475 1431 573 1503 enim
590 1431 765 1520 ecclesiae,
784 1431 855 1503 nisi
873 1431 1146 1527 Scripturarum
1165 1431 1312 1506 infalli-

258 1543 401 1616 bilitate
431 1543 531 1640 prius
558 1545 718 1639 cognita,
742 1544 828 1617 sciri
845 1568 919 1616 non
937 1554 1070 1639 potest.
1123 1545 1313 1640 Spiritum

260 1668 384 1730 autem
398 1682 505 1730 suum
521 1657 706 1752 privatum
724 1659 805 1754 quis
823 1657 1008 1752 dignoscit
1024 1682 1047 1730 a
1063 1656 1199 1753 spiritu
1217 1658 1313 1732 doc-

259 1782 382 1844 torum
408 1793 563 1854 morum,
581 1794 737 1865 quorum
769 1770 992 1843 authoritate
1020 1769 1178 1858 ducitur,
1197 1771 1261 1844 vel
1287 1797 1314 1846 a

259 1884 391 1979 spiritu
408 1884 654 1980 arrogantiae?
706 1885 900 1971 Praeterea,
915 1885 953 1956 in
972 1883 1183 1979 Scripturis,
1203 1885 1313 1960 unde

259 1999 422 2071 ecclesiae
436 1997 674 2071 infallibilitas
692 1996 819 2069 inferri
836 1997 965 2093 possit,
983 1996 1075 2068 nihil
1091 1995 1311 2085 invenitur;

258 2112 374 2185 multo
394 2111 524 2199 minus,
544 2109 782 2182 infallibilitas
805 2110 965 2182 ecclesiae
984 2109 1200 2205 cujusquam
1218 2135 1312 2207 par-

257 2225 445 2307 ticularis;
473 2235 510 2296 et
527 2223 677 2296 minime
695 2223 870 2311 omnium,
888 2222 1045 2296 hominis
1061 2222 1208 2318 privati.

309 2336 547 2409 Manifestum
571 2359 659 2430 ergo
685 2349 752 2423 est,
777 2335 944 2407 homines
971 2334 1197 2407 Christianos
1227 2361 1308 2411 non

257 2449 358 2522 scire
377 2448 584 2544 Scripturas
610 2472 688 2520 esse
706 2449 857 2518 verbum
876 2447 957 2535 Dei,
975 2447 1039 2519 scd
1056 2457 1200 2520 tantum
1219 2473 1307 2523 cre-

257 2561 349 2635 dere
366 2564 419 2635 ita
436 2585 538 2645 esse;
565 2575 603 2633 ct
629 2586 777 2634 causam
799 2561 869 2633 illis
888 2560 1061 2633 credendi
1078 2560 1306 2657 frequentis-

257 2678 385 2748 simam
418 2699 496 2747 esse
526 2674 697 2747 doctores
726 2698 822 2746 suos.
876 2675 958 2746 Hoc
990 2674 1081 2746 dicit
1107 2675 1144 2745 S.
1165 2674 1306 2750 Paulus

261 2792 382 2881 (Rom.
402 2815 437 2861 x.
460 2791 517 2881 17)
538 2788 791 2860 universaliter
809 2787 854 2858 de
868 2785 941 2858 fide
955 2786 1175 2874 Christiana,
1191 2789 1304 2880 fides

258 2914 316 2976 eat
342 2930 388 2975 ea
417 2903 574 2983 auditu;
602 2914 639 2973 et
669 2904 777 2994 (vers,
802 2903 941 2993 14,15)
970 2901 1146 2997 quomodo
1176 2912 1304 2976 cotem

259 3017 424 3105 credent,
444 3016 575 3112 dequo
593 3039 663 3087 noa
681 3015 918 3087 artdieruat?
974 3014 1159 3098 Qreomodo
1178 3026 1303 3088 autem

258 3128 412 3201 audient
429 3129 508 3200 aine
518 3128 795 3224 praedicante?
850 3126 1035 3210 Quomodo
1054 3136 1175 3199 autem
1196 3151 1303 3224 prcc-

260 3241 449 3330 diccbunt,
467 3241 541 3313 siai
559 3240 789 3313 tintorissi?
817 3241 872 3312 Ex
889 3263 962 3334 quo
979 3239 1213 3335 perspicuum
1231 3253 1302 3331 est,

258 3379 405 3426 causam
423 3354 595 3427 credendi
621 3354 827 3449 Scripturas
851 3376 928 3424 esse
942 3354 1093 3424 verbum
1113 3353 1193 3443 Dei,
1213 3377 1302 3426 ean-

258 3469 341 3541 dem
371 3491 460 3556 esse,
488 3479 637 3563 propter
665 3491 775 3562 quam
803 3465 985 3538 credimus
1012 3466 1184 3539 articulos
1208 3467 1302 3541 alios

258 3606 396 3669 omnes,
417 3605 558 3676 nempe,
581 3580 680 3676 qnod
698 3605 760 3653 eos
783 3580 962 3669 audimus
982 3579 1044 3674 qui
1065 3579 1146 3676 lege
1164 3583 1304 3654 consti-

258 3695 329 3766 tuti
343 3708 440 3780 sunt,
453 3694 490 3765 id
509 3707 575 3782 est,
588 3695 686 3766 domi
699 3708 881 3790 parenteS,
893 3694 932 3765 in
946 3693 1109 3765 ecclesiis
1121 3705 1300 3790 pastores,

257 3820 299 3879 ut
316 3832 384 3880 nos
402 3807 570 3879 doceant.
623 3808 803 3881 Quaenam
833 3806 929 3877 enim
958 3829 1069 3877 causa
1093 3805 1163 3877 alia
1193 3806 1302 3880 reddi

258 3933 391 4017 potest,
410 3946 522 4015 quare
547 3922 584 3993 in
609 3921 819 3993 civitatibus
839 3919 1071 4007 Christianis
1091 3919 1301 4015 Scripturas

258 4059 336 4107 esse
346 4035 498 4106 verbum
513 4035 581 4107 Dei
600 4058 726 4106 omnes
746 4033 908 4120 credant,
924 4033 981 4104 vel
1000 4033 1130 4104 saltem
1148 4032 1299 4107 credere

259 4171 296 4219 se
327 4149 593 4243 profiteantur;
628 4148 666 4219 in
694 4148 904 4219 civitatibus
936 4147 1090 4235 caeteris,
1117 4147 1178 4218 vix
1203 4171 1299 4221 unus

258 4272 322 4332 aut
348 4261 464 4345 alter3
491 4261 561 4334 nisi
588 4259 689 4357 quod
716 4260 754 4332 in
781 4259 989 4332 civitatibus
1016 4258 1234 4332 Christianis
1251 4262 1299 4333 ab
