2926 4980
347 337 414 404 118
731 352 785 405 nn
805 355 987 407 uouruu.

152 553 228 603 cip.
241 553 300 603 xv,
342 519 515 616 Sequitur
532 519 629 591 enim
643 518 702 592 lex
713 519 793 592 haeo
806 544 851 592 ex
864 520 1107 616 praecedente,
1122 545 1215 616 quae,
1230 521 1379 618 quando

156 634 301 751 W
343 646 493 706 cautum
511 645 566 705 est
585 631 630 705 de
647 633 786 722 futuro,
800 633 980 729 praeteriti
996 634 1141 706 veniam
1158 635 1246 707 dare
1260 636 1378 730 jubet.

157 759 305 804 maliis
344 746 481 819 Ulcisci
508 745 616 834 enim,
644 745 715 818 nisi
742 745 790 818 ad
816 745 982 818 futurum
1010 746 1150 819 bouum
1183 747 1378 843 dirigatur,

341 861 577 957 ἐπιχαιρεκακία
597 870 664 947 est,
681 859 721 931 id
738 870 804 948 est,
824 858 869 932 de
884 860 979 932 malo
1002 860 1121 933 ulieno
1139 884 1254 933 vanus
1273 871 1309 933 et
1327 861 1381 933 in·

341 973 441 1046 utilis
462 972 693 1068 triumphus;
720 985 759 1045 et
784 972 937 1068 proinde
961 985 1090 1047 contra
1118 974 1312 1063 rationem,
1342 983 1381 1045 et

339 1088 457 1182 legem
475 1098 617 1159 naturae
635 1110 717 1182 quae
731 1086 776 1159 de
789 1086 892 1160 vanis
903 1098 941 1159 et
951 1088 1142 1182 superfluis
1157 1085 1380 1160 contendere

340 1200 521 1298 prohibet.
548 1200 708 1274 Violatio
719 1200 811 1297 legis
821 1201 930 1296 hujus
942 1200 1150 1274 crudelitas
1163 1201 1379 1297 appellatur.

391 1312 575 1388 Quoniam
600 1326 724 1385 autem
737 1312 813 1386 odii
829 1323 867 1386 et
884 1324 1116 1410 contemptus
1132 1314 1239 1410 signa
1256 1314 1381 1387 omnia

339 1425 388 1498 ad
412 1450 575 1522 pugnam
602 1426 822 1516 accendunt,
840 1437 970 1500 octavo
988 1427 1070 1500 loco
1088 1452 1155 1524 pro
1172 1428 1253 1523 lege
1270 1439 1380 1500 natu-

340 1538 406 1612 rali
423 1538 606 1634 ponimus,
620 1565 666 1612 ne
683 1539 767 1638 quis
784 1538 1034 1636 aliumsacto,
1048 1540 1171 1629 uerbo,
1185 1539 1300 1629 vultu,
1313 1550 1381 1613 aut

337 1661 451 1750 gestu
468 1652 593 1726 odisse
611 1651 670 1725 oel
685 1652 881 1750 despicere
897 1676 938 1723 ee
953 1652 1155 1750 significet.
1195 1654 1294 1748 Lege
1309 1653 1380 1725 hac

339 1765 556 1861 prohibetur
574 1765 807 1839 contumelia.

391 1878 556 1952 Quaestio
573 1879 620 1952 de
637 1878 764 1952 ordine
787 1878 884 1952 inter
909 1878 1075 1952 homiues
1101 1879 1139 1952 iu
1167 1878 1379 1953 conditione

339 1993 499 2067 naturali
516 1993 617 2066 nulla
633 2005 699 2067 est.
751 1992 949 2066 Distinctio
967 1992 1030 2066 illa
1056 1992 1269 2066 introducta
1285 2004 1342 2065 est
1358 2017 1382 2066 a

340 2106 421 2203 lege
438 2105 548 2178 civili.
602 2105 686 2179 Scio
704 2105 942 2179 Aristotelem
959 2105 1054 2198 (Lib.
1075 2127 1101 2177 1.
1120 2104 1377 2199 Politicorum)

341 2221 444 2317 quasi
461 2219 641 2317 principio
669 2221 736 2309 uti,
758 2243 838 2292 esse
863 2219 953 2292 alios
979 2242 1002 2290 a
1031 2231 1163 2291 natura
1189 2218 1307 2291 factos
1332 2216 1382 2290 ud

339 2334 545 2430 imperium,
571 2333 755 2422 nimirum,
782 2332 976 2430 sapientes,
1003 2331 1043 2404 id
1068 2344 1136 2419 est,
1155 2343 1202 2404 ut
1226 2331 1381 2405 innuere

338 2448 466 2536 voluit,
483 2447 719 2543 philosophos
736 2446 853 2542 qualis
870 2446 947 2542 ipse
962 2457 1063 2529 erat;
1090 2445 1180 2518 alios
1202 2445 1251 2517 ad
1268 2444 1381 2518 servi-

340 2561 487 2648 endum,
500 2584 632 2656 nempe
642 2560 809 2633 homines
820 2559 1035 2655 corporibus
1047 2569 1087 2630 et
1100 2558 1248 2653 ingenio
1262 2558 1380 2641 duris;

341 2676 444 2772 quasi
462 2674 663 2747 dominium
690 2685 729 2746 et
758 2673 916 2746 servitus
933 2696 1009 2745 non
1026 2696 1049 2743 a
1065 2695 1247 2744 consensu
1263 2671 1381 2744 homi-

340 2813 441 2876 num,
457 2788 522 2860 sed
539 2812 561 2860 a
578 2786 785 2860 differentia
798 2785 1029 2881 ingeniorum
1048 2785 1228 2881 originem
1243 2784 1381 2858 habue-

341 2902 417 2974 rint
431 2927 440 2984 ;
467 2900 506 2972 id
517 2900 615 2996 quod
628 2924 703 2972 non
714 2898 824 2972 modo
840 2909 968 2971 contra
980 2898 1172 2983 rationem,
1188 2898 1380 2971 sedetiam

341 3026 472 3086 contra
488 3013 750 3108 experientiam
768 3020 835 3083 est.
874 3010 966 3084 Quis
977 3010 1076 3083 enim
1093 3011 1146 3084 ita
1162 3012 1294 3084 stultus
1311 3028 1380 3101 est,

340 3139 382 3199 ut
412 3125 481 3198 sibi
507 3126 552 3198 ab
583 3125 663 3198 aliis
687 3123 858 3221 imperari
885 3123 1022 3212 mallet,
1041 3148 1151 3219 quam
1181 3149 1205 3196 a
1232 3124 1380 3221 seipso?

340 3240 463 3313 Etiam
480 3238 626 3335 quando
643 3239 680 3310 vi
697 3236 934 3310 contenditur
950 3237 1048 3309 inter
1064 3237 1147 3311 illos
1164 3238 1227 3333 qui
1244 3238 1380 3310 haben-

340 3366 401 3426 tur
419 3352 613 3448 sapientes,
632 3362 669 3429 et
686 3351 768 3424 illos
785 3350 848 3446 qui
875 3360 961 3422 sunt
986 3350 1140 3440 robusti,
1158 3351 1298 3446 priores
1326 3351 1380 3423 illi

340 3490 424 3539 raro
442 3478 507 3538 ant
523 3489 712 3561 nunquam
729 3464 883 3538 victoria
898 3463 1101 3559 potiuntur.
1155 3465 1194 3537 Si
1212 3489 1299 3561 ergo
1316 3465 1381 3538 ho-

342 3580 459 3653 mines
477 3591 611 3652 natura
624 3579 783 3674 aequales
793 3577 893 3665 fecit,
908 3577 1142 3673 agnoscenda
1155 3591 1211 3652 est
1231 3580 1381 3674 aequnli-

342 3707 422 3767 tas:
450 3693 515 3765 sed
542 3693 573 3765 si
600 3692 799 3787 inaequales
815 3690 917 3777 fecit,
935 3691 1021 3786 quia
1038 3702 1161 3764 tamen
1186 3695 1381 3789 unusquis-

342 3832 413 3903 que
441 3806 641 3903 unicuique
673 3805 852 3902 aequalem
878 3828 916 3876 se
957 3828 1036 3877 esse
1062 3818 1180 3900 putat,
1209 3831 1281 3901 pax
1310 3807 1381 3879 nisi

342 3920 541 4016 aequalibus
570 3918 841 3992 conditionibus
876 3941 951 3990 non
977 3916 1184 3991 habebitur.
1237 3918 1381 3991 Admit-

342 4034 455 4105 tenda
482 4056 571 4129 ergo
589 4044 645 4104 est
662 4031 861 4127 aequalitaS,
880 4042 917 4102 et
939 4031 998 4102 lex
1024 4042 1167 4104 naturae
1198 4056 1296 4105 nona
1326 4045 1382 4106 est

342 4146 503 4218 homines
540 4169 662 4218 omues
705 4144 804 4217 inter
836 4168 877 4216 re
909 4153 1047 4217 natura
1083 4144 1248 4243 <equales
1286 4170 1380 4219 esre.

344 4258 465 4353 Hujus
481 4258 572 4355 legis
590 4258 739 4332 violatio
757 4257 935 4357 superbio
953 4268 1019 4331 est.
