2926 4980
505 399 558 449 nn
578 397 785 451 c1v1ruru.
1100 387 1165 452 181

125 588 278 638 numero
291 576 394 638 certo
408 564 592 654 definitur,
604 566 670 639 sed
679 577 786 639 tanta
795 565 910 638 videri
922 565 1043 655 debet,
1056 590 1168 661 quan-
1190 602 1267 652 cup,
1280 602 1324 651 xx

125 692 214 769 tam,
231 679 263 752 si
281 701 374 774 opus
392 689 460 767 est,
478 678 615 774 publici
633 679 790 752 ministri
812 679 978 752 consueti
996 703 1168 775 superare
1195 687 1324 799 ss

124 793 203 865 sine
220 792 387 888 periculo
415 816 489 864 non
515 806 679 889 possunt.
733 793 917 881 Similiter,
946 793 976 864 si
993 816 1167 867 numerus
1195 769 1324 865 cillenii

124 905 316 978 hominum
333 906 504 978 insolitus
522 907 570 979 ad
586 907 746 980 tribunal
773 919 996 980 concurrunt
1013 908 1168 1002 alicujus

124 1019 285 1092 hominis
299 1019 496 1091 accusandi
509 1043 630 1107 causa,
642 1043 839 1092 concursus
850 1019 910 1091 ille
922 1019 1070 1092 illicitus
1085 1031 1141 1092 est
1157 1053 1166 1105 ;

122 1131 211 1227 quia
226 1132 354 1228 paucis
374 1132 432 1204 vel
444 1133 555 1205 unico
572 1133 721 1205 homine
735 1156 906 1205 accusare
920 1132 1023 1204 illum
1040 1145 1170 1228 potue·

123 1257 226 1319 runt.
277 1245 376 1318 Talis
393 1246 492 1336 (Act.
507 1247 579 1319 xix.
596 1248 728 1339 34-40)
761 1246 798 1318 in
819 1246 966 1341 Epheso
984 1259 1064 1318 erat
1082 1270 1169 1318 con-

121 1382 254 1432 cursus
274 1343 419 1432 'contra
450 1358 645 1455 discipulos
680 1358 882 1431 infidelium
916 1358 1168 1447 clamantium,

125 1471 277 1570 Magna
300 1480 358 1543 est
374 1471 504 1544 Diana
525 1472 796 1571 Ephesiorum:
821 1472 885 1544 ubi
904 1496 1025 1561 causa,
1048 1472 1169 1544 consi-

122 1583 262 1658 deratis
279 1583 436 1658 civitatis
453 1584 548 1657 illius
566 1586 720 1681 legibue,
735 1588 836 1680 justa
849 1595 951 1668 erat;
970 1607 1168 1657 concursus

123 1710 250 1771 tamen
266 1697 477 1792 illegitimus
494 1698 563 1771 fuit
578 1712 616 1771 et
632 1723 655 1771 a
677 1697 897 1792 magistratu
908 1698 1167 1794 reprehensus:

125 1810 238 1896 Quod
257 1810 293 1881 si
310 1810 527 1882 Demetrius
551 1819 588 1882 et
610 1810 675 1907 qui
702 1834 782 1881 eum
808 1833 851 1881 eo
876 1819 962 1881 suut
988 1809 1168 1903 artifices,

123 1921 313 2023 negotium
322 1920 459 1994 labent
471 1946 551 1994 eum
565 1918 705 2019 aliquo,
725 1921 1009 2020 agiturforum,
1025 1931 1062 1994 el
1072 1945 1169 2018 pro-

122 2034 296 2110 consules
313 2034 479 2118 udsunt;
508 2035 578 2108 alii
604 2035 702 2108 ulios
719 2034 953 2132 postulante.
1007 2035 1051 2107 Si
1076 2035 1171 2132 quid

122 2146 428 2221 uatemderebus
438 2147 527 2219 aliis
538 2147 749 2244 requiritis,
761 2147 799 2218 iu
811 2146 982 2245 legitima
994 2148 1168 2219 concione

121 2260 390 2359 explicabitur.
442 2260 541 2332 Num
562 2260 774 2358 periculum
791 2271 848 2333 est
867 2285 911 2332 ue
930 2259 1168 2357 postulentur

122 2374 320 2447 seditionis
344 2383 511 2471 propter
542 2373 638 2446 diem
669 2373 896 2460 hodiernum,
925 2397 1033 2469 quum
1062 2369 1167 2444 uullu

122 2486 245 2559 subsit
264 2512 381 2560 causa
399 2486 443 2558 ob
461 2511 571 2584 quoru
585 2487 772 2584 possimus
797 2485 959 2557 reddere
984 2485 1168 2557 rationem

122 2624 325 2674 concursus
337 2599 457 2672 istius.

175 2714 367 2786 Hactenus
381 2711 427 2784 de
440 2712 697 2808 systematibus
715 2711 938 2800 dictumest,
958 2736 1041 2807 quae
1052 2712 1167 2807 parti-

122 2827 191 2900 bus
202 2826 354 2898 humani
365 2826 528 2921 corporis
542 2824 761 2897 similaribus
776 2825 981 2920 comparari
995 2837 1164 2921 possunt;

120 2964 256 3037 nempe
273 2964 328 3029 ea,
348 2963 429 3035 quae
447 2939 613 3035 legitima
629 2950 727 3025 sunt,
747 2938 944 3022 musculis;
973 2963 1054 3033 quae
1076 2938 1167 3034 legi-

121 3054 215 3129 tima
241 3077 317 3126 non
342 3063 439 3142 suut,
466 3052 767 3149 apostematibus
786 3053 991 3139 tuberibuS,
1010 3053 1167 3124 tumori-

119 3169 263 3263 busque
280 3192 303 3239 a
320 3167 493 3240 confluxu
503 3166 699 3238 humorum
717 3166 909 3238 noxiorum
926 3167 1122 3261 generatis

236 3637 283 3686 DE
298 3637 510 3686 potestatis
528 3639 663 3687 SUMMAE
681 3638 863 3688 MlNlSTRlS
883 3640 1050 3689 PUBLlCIS.

122 3740 338 3813 Mumsrnn
369 3738 536 3832 publicus
564 3740 593 3811 is
622 3752 677 3813 est
708 3743 769 3837 qui
801 3742 838 3812 in
871 3743 992 3832 rebus,
1011 3765 1092 3837 quae
1119 3742 1168 3815 ad

121 3853 312 3926 civitatem
324 3853 523 3946 pertinent,
538 3878 605 3949 per
622 3856 884 3928 authoritatem
903 3880 1082 3928 summam
1101 3856 1166 3928 ha·

121 3965 244 4039 bentis
262 3975 483 4061 potestatem
502 3968 661 4040 civitatis
688 3993 882 4064 personam
911 3981 1165 4064 repraesentat.

124 4078 313 4152 Quoniam
328 4091 451 4151 autem
470 4081 532 4175 qui
550 4105 692 4154 summo
710 4082 791 4154 loco
809 4083 977 4177 imperat,
991 4106 1167 4177 personas

123 4190 216 4263 duas
249 4192 358 4288 gerit,
377 4193 465 4278 sive,
487 4205 529 4266 ut
558 4194 759 4290 loquuntur
789 4196 907 4284 multi,
937 4195 1027 4268 duos
1055 4196 1167 4269 habet

124 4304 360 4399 capacitates
379 4305 488 4379 aliam
505 4309 721 4397 naturalem,
734 4309 842 4382 aliam
857 4309 1067 4404 politicam;
1094 4310 1165 4400 ille,
