2926 4980
312 366 379 439 m
535 368 586 420 DE
605 363 795 417 clvaTu
815 363 1080 417 CHRISTIANA.

165 592 243 639 44
273 538 504 637 ‘manhu
521 532 615 661 pleni
633 542 670 601 et
684 530 828 625 integri.
882 533 1037 627 Neque
1029 557 1066 604 m
1084 530 1235 603 civitate
1255 554 1332 603 non

195 664 465 775 “44441ἷιιιιιιιιιιι
481 647 671 743 quicquam
686 655 741 715 est
754 658 819 738 pot
805 646 946 716 testatis
960 668 1173 717 concessum
1187 642 1333 715 homini

144 744 192 773 i
152 812 270 841 wne*
219 746 462 852 W‚extumo
475 781 591 854 neque
609 755 794 828 archicum
814 781 928 851 neque
947 758 1143 839 craticum3
1170 755 1236 829 sed
1247 768 1333 829 tan-

306 908 380 963 tum
396 872 623 952 didacticum.
676 870 930 943 Obedientiam
945 872 1042 943 enim
1056 894 1130 942 non
1148 882 1334 954 coactam,

304 996 365 1076 „aad
390 983 625 1064 voluntariam
643 984 776 1078 accipit
793 985 902 1057 Deus.

349 1103 506 1183 Tertium
534 1112 588 1170 est
615 1110 799 1191 sumptum
826 1121 869 1168 ex
897 1098 1089 1193 Cypriano,
1113 1098 1176 1191 qui
1203 1097 1334 1170 sedem

304 1232 340 1301 S„
358 1216 450 1295 l‘ctri
468 1211 761 1308 caputfordem,
781 1211 956 1298 radice-m,
975 1223 1012 1282 et
1029 1209 1141 1282 solem
1152 1210 1333 1306 appellat,

302 1334 394 1413 narde
411 1327 661 1423 episcoporum
689 1325 891 1395 authoritas
922 1324 1119 1396 derivatur.
1171 1323 1334 1395 Videtur

305 1438 536 1525 rntlarminus
561 1436 779 1530 quaestioues
801 1437 894 1530 juris
919 1437 1073 1508 testibus
1092 1435 1334 1508 determinari

301 1583 370 1638 aron
394 1553 525 1627 debere
554 1551 750 1644 ignorasse.
805 1550 919 1644 Leges
943 1561 1084 1621 naturae
1113 1551 1211 1644 (quae
1235 1550 1335 1644 juris

300 1690 336 1749 aa
367 1665 508 1762 injuriae
543 1663 811 1756 distinguendae
838 1664 1017 1759 principia
1047 1662 1197 1734 meliora
1228 1678 1333 1748 suut,

299 1805 402 1882 qutun
420 1777 611 1849 doctorum
630 1778 754 1868 verba)
776 1786 901 1872 caput,
913 1776 1077 1873 fontem,
1093 1776 1272 1865 radicem,
1292 1789 1335 1849 et

297 1895 417 1978 solem,
440 1888 535 1959 uude
558 1889 762 1984 jurisdictio
788 1889 905 1960 omnis
929 1889 1126 1977 derivatur,
1145 1888 1246 1961 iniis
1265 1892 1334 1984 qui

297 2028 471 2084 summam
489 2002 527 2073 in
545 2003 751 2074 civitatibus
770 2003 845 2075 suis
862 2003 999 2074 habent
1015 2010 1237 2097 potestatem
1256 2004 1334 2077 col-

297 2124 437 2197 locant;
465 2126 502 2185 et
519 2114 671 2209 proinde
686 2115 894 2209 jurisdictio
908 2114 1122 2209 episcopalis
1139 2113 1335 2189 derivatur

297 2231 414 2309 omnis
433 2252 456 2298 a
471 2241 653 2322 potestate
672 2228 779 2301 civili.

343 2345 607 2436 Argumentum
642 2357 813 2437 quartum
849 2343 894 2413 ab
932 2341 1177 2435 inaequalitate
1215 2344 1334 2415 sumit

290 2453 594 2555 jurisdictionum.
626 2457 750 2551 lnquit
767 2456 875 2543 enim,
890 2455 919 2527 si
927 2455 1218 2549 jurisdictionem
1231 2457 1332 2550 epis-

295 2568 393 2661 copis
412 2565 489 2637 aliis
508 2567 605 2638 Deus
624 2566 782 2639 dedisset
801 2567 1020 2653 immediate,
1039 2566 1199 2638 dedisset
1216 2569 1328 2640 etiam

291 2679 582 2777 jurisdictionem
601 2681 794 2776 aequalem;
820 2682 985 2752 videmus
1003 2696 1137 2767 autem,
1156 2681 1245 2752 alios
1265 2707 1330 2777 op

294 2792 369 2887 pidi
387 2793 494 2864 unius
513 2803 666 2881 tantum,
694 2795 782 2865 alios
809 2794 1025 2888 oppidorum
1060 2805 1218 2881 centum,
1237 2795 1329 2867 alios

296 2907 519 3000 integrarum
560 2908 828 3001 provinciarum
866 2908 1054 3002 episcopos
1089 2931 1195 2989 esse3
1236 2931 1328 3001 quas

296 3019 516 3091 differentias
533 3044 607 3091 non
626 3020 844 3092 determinat
861 3021 1011 3091 verbum
1030 3020 1109 3092 Dei.
1137 3020 1223 3092 Non
1241 3036 1329 3094 sunt

296 3156 382 3225 ergo
406 3133 678 3226 jurisdictiones
696 3158 821 3204 eorum
844 3158 865 3203 a
892 3134 968 3204 Deo
987 3132 1082 3205 datae
1108 3133 1327 3207 immediate.

297 3246 563 3340 Argumentum
581 3246 652 3317 hoc
670 3246 823 3317 validius
834 3246 961 3317 fuisse
947 3259 1021 3333 sl
1011 3247 1162 3341 proba
1164 3272 1224 3317 um
1241 3248 1330 3320 fuis-

300 3373 356 3430 set
400 3371 495 3447 aute,
533 3360 713 3452 jurisdict
689 3373 825 3432 nonem
862 3360 899 3431 in
934 3303 1160 3431 Christianos
1202 3385 1330 3433 omnes

295 3385 546 3544 universalemJ
553 3472 721 3543 habuisse
749 3472 958 3567 episcopum
986 3472 1201 3546 Romanum.
1255 3476 1329 3547 Sed

295 3610 413 3681 neque
444 3586 637 3680 probatum
666 3596 721 3656 est
748 3599 844 3671 aute,
863 3609 981 3679 neque
999 3599 1082 3679 post
1098 3589 1244 3681 probari
1262 3615 1328 3684 po-

296 3700 392 3770 terit.
446 3699 642 3793 Cognitum
660 3700 757 3770 enim
776 3710 830 3770 est
852 3699 1140 3792 jurisdictionem
1169 3703 1328 3796 amplam

296 3812 404 3901 illam,
424 3837 531 3907 quam
550 3812 708 3883 habuere
726 3812 914 3907 pontifices
934 3812 1100 3900 Romani,
1117 3812 1239 3885 datam
1258 3816 1328 3888 illis

295 3928 404 3998 fuisse
434 3928 479 3997 ab
508 3926 569 3997 illo
602 3926 663 4019 qui
692 3949 775 3996 vere
804 3925 941 4013 hahuit,
959 3915 1090 4019 'nempe
1118 3926 1327 4001 aRomano

297 4042 526 4136 imperatore,
547 4041 608 4133 qui
627 4039 749 4109 sedem
767 4039 908 4133 imperii
930 4050 966 4109 et
992 4038 1175 4132 religionis
1192 4040 1328 4134 princi-

298 4157 412 4249 palem
433 4154 585 4226 eandem
604 4177 680 4224 csse
694 4152 820 4223 voluit.
885 4152 1032 4223 Habent
1056 4176 1142 4246 ergo
1167 4152 1326 4249 episcopi

298 4269 429 4364 singuli
455 4268 745 4362 jurisdictionem
772 4291 873 4338 suam
902 4266 946 4336 ab
971 4265 1193 4337 authoritate
1218 4266 1325 4357 illius,
