2926 4980
518 365 572 417 nn
592 361 774 417 nonina.
1116 352 1163 416 63

118 536 204 607 ritu
221 533 420 632 sapientise
440 533 734 632 calfaciendum
756 533 974 606 aestimato
992 531 1142 605 Aaroni
1153 557 1166 603 :
1196 566 1273 616 cip,
1285 567 1362 618 vm,

120 672 200 721 non
230 646 490 742 intelligendus
517 659 574 720 est
600 647 741 743 peritus
766 644 926 718 faciendi
948 645 1168 718 vestimenta
1179 649 1348 751 „effi

122 761 286 859 spiritus
312 758 470 857 idaeus,
495 759 560 833 sed
582 759 763 855 sapientia
785 759 949 855 ipsorum
974 758 1166 831 hominum
1177 770 1370 882 munusue

124 877 165 948 in
182 899 226 947 eo
244 897 379 970 genere
397 874 529 969 operis.
581 873 757 945 Similiter
781 872 931 969 spiritns
946 872 1117 962 hominis,
1136 872 1168 944 si
1179 849 1343 960 opponuw

124 987 308 1085 producat
334 987 500 1062 actiones
522 985 741 1075 immundas,
759 986 963 1082 appellatur
983 985 1022 1058 in
1045 986 1168 1081 Scrip-

126 1100 220 1173 tnris
253 1100 415 1198 spiritus
449 1099 664 1173 immundas.
725 1099 848 1172 Etiam
881 1099 920 1171 in
964 1098 1044 1171 aliis
1078 1098 1168 1171 locis

127 1214 243 1286 virtus
254 1213 314 1286 vel
327 1213 470 1302 vitium,
484 1214 515 1285 si
527 1213 717 1310 egregium
734 1212 782 1285 sit
799 1223 836 1286 et
853 1212 1027 1301 eminens,
1045 1211 1168 1308 appel-

128 1328 225 1399 latur
241 1326 403 1423 spiritus.
444 1326 574 1430 Neque
591 1339 676 1424 post
690 1327 831 1400 Mosem
849 1328 1040 1423 prophetae
1057 1325 1169 1398 Vete-

127 1441 179 1513 ris
191 1440 420 1513 Testamenti
430 1439 721 1512 enthusiasmum
733 1439 1031 1536 praetendenrnt3
1049 1462 1169 1534 neque

128 1554 179 1641 is,
206 1551 271 1625 sed
297 1552 354 1624 ad
385 1575 424 1625 se
457 1552 623 1624 locutum
657 1575 736 1624 esse
766 1552 896 1640 Deum,
927 1575 1072 1648 nempe,
1101 1575 1168 1647 per

128 1666 305 1738 visionem
322 1664 383 1737 vel
400 1666 593 1738 somnium.
646 1666 775 1760 Neque
797 1666 889 1738 illud
911 1690 1001 1737 onos
1018 1664 1170 1736 Domini

123 1777 318 1875 possessio
353 1790 443 1867 erat,
475 1777 540 1850 sed
573 1778 711 1873 jussio.
780 1777 974 1852 Quomodo
1008 1800 1097 1873 ergo
1131 1778 1169 1849 in

128 1890 342 1986 opinionem
375 1891 470 1964 hanc
505 1891 743 1965 enthusiasmi
777 1892 938 1965 incidere
968 1903 1171 1988 potnerunt

127 2003 275 2076 Jndaei?
329 2004 475 2094 Nescio,
509 2005 579 2078 nisi
610 2003 709 2099 quod
742 2002 925 2100 plerisque
960 2004 1170 2078 hominibus

130 2140 326 2189 commune
356 2128 423 2206 est,
453 2143 528 2191 non
566 2118 721 2190 nimium
754 2118 937 2212 inquirere
971 2119 1010 2190 in
1044 2142 1171 2191 causas

132 2231 343 2317 naturales;
370 2231 657 2330 felicitatemque
675 2231 854 2305 collocare
871 2230 910 2303 in
922 2230 1172 2326 voluptatibus

133 2369 319 2433 sensnum,
337 2357 376 2417 et
392 2345 501 2418 rebus
517 2344 589 2418 illis
608 2367 690 2440 quae
714 2345 871 2416 maxime
888 2343 984 2416 istuc
1002 2342 1171 2414 tendunt.

135 2458 212 2532 Qui
225 2458 324 2531 eninr
337 2456 521 2531 insolitam
532 2458 709 2531 virtutem
719 2457 777 2530 vel
791 2457 974 2530 defectum
986 2455 1173 2527 insolitum

135 2570 272 2661 vident,
290 2569 360 2642 nisi
378 2571 485 2644 simul
501 2570 651 2643 videant
666 2569 766 2642 unde
788 2568 1028 2665 probabiliter
1044 2591 1172 2662 proce-

136 2683 223 2757 dere
255 2683 388 2779 potuit,
422 2706 498 2755 non
531 2682 639 2756 facile
677 2695 811 2778 putant
844 2706 922 2756 esse
956 2680 1172 2754 naturalem.

138 2796 250 2870 Quod
267 2797 297 2868 si
314 2819 391 2868 non
402 2795 621 2884 naturalem,
636 2795 841 2868 necessario
860 2794 1175 2891 supematnralem

137 2934 215 2984 esse
240 2920 384 3006 putant.
438 2909 617 2984 Quaenam
641 2921 764 2982 autem
789 2932 868 2982 esse
888 2920 1012 3005 potest
1034 2931 1092 2981 res
1113 2906 1176 2979 illa

139 3035 275 3121 praeter
291 3024 411 3096 Deum
428 3035 493 3095 aut
510 3023 714 3096 daemonem
729 3023 792 3120 qui
806 3023 1044 3096 inhominem
1060 3023 1178 3095 intra·

138 3137 258 3211 verit?
310 3137 439 3233 Itaque
457 3160 541 3209 cum
556 3137 730 3210 Servatur
742 3152 867 3210 noster
888 3138 1020 3232 (Marc.
1039 3136 1089 3208 iii.
1108 3139 1173 3227 21)

140 3275 163 3324 a
183 3249 417 3323 multitudine
445 3250 666 3346 cingeretur,
687 3249 752 3339 illi,
778 3249 840 3345 qui
862 3251 901 3322 in
926 3250 1034 3323 domo
1058 3260 1176 3336 erant,

139 3365 259 3437 furere
284 3386 368 3435 eum
398 3362 710 3451 existimaverunt,
736 3362 975 3458 exieruntque
1000 3361 1108 3433 domo
1135 3371 1178 3433 ut

141 3477 366 3550 cohiberent.
419 3476 556 3549 Scribae
569 3487 694 3550 autem
711 3475 895 3565 dixerunt,
911 3474 1010 3572 quod
1025 3474 1179 3547 haberet

141 3591 349 3679 demonem
355 3612 487 3686 nempe
493 3591 784 3686 Beelzebub,per
796 3588 1061 3685 quemejecisse
1075 3586 1179 3658 illum

141 3703 322 3777 daemonia
334 3701 518 3775 dixerunt.
572 3703 672 3776 Hinc
689 3702 801 3774 etiam
819 3713 898 3774 erat
912 3699 1013 3797 quod
1030 3698 1179 3795 quidam

142 3815 313 3889 dixerunt
327 3816 365 3909 (J
367 3816 474 3889 ohan.
489 3840 524 3889 x.
536 3816 617 3910 20),
629 3816 842 3889 demonium
854 3813 966 3887 habet
979 3823 1017 3886 et
1028 3814 1181 3885 insanus

142 3937 219 4000 cst:
253 3927 403 4023 qnando
414 3930 487 4020 alii,
499 3930 562 4026 qui
575 3929 678 4002 illurn
690 3952 756 4025 pro
767 3929 947 4025 propheta
960 3926 1181 4012 habuerunt,

142 4040 326 4129 dixerunt,
338 4054 503 4117 aonam
521 4042 828 4138 ioecoerbaejus,
842 4042 906 4138 qui
923 4041 1036 4113 habet
1049 4041 1182 4113 doeow-

143 4155 252 4225 nium.
288 4154 382 4226 Item
393 4154 430 4228 in
442 4157 677 4229 Testamento
690 4155 816 4228 Veteri
832 4157 870 4250 (4
887 4155 978 4250 Reg.
992 4155 1041 4226 ix.
1065 4156 1139 4247 ll),
1151 4156 1181 4225 is

142 4269 206 4362 qui
220 4267 353 4339 missus
367 4267 436 4341 fuit
449 4269 497 4342 ad
508 4269 721 4366 ungendum
734 4290 859 4364 regem
876 4269 899 4341 J
901 4268 984 4358 ehu,
1002 4267 1182 4363 propheta
