2926 4980
348 332 415 400 162
710 345 763 396 nu
783 345 989 398 crvrrara.

148 542 228 594 car.
244 542 320 597 xxr.
342 525 494 622 injurius
509 546 585 597 esse
597 524 636 595 in
653 523 770 597 Deum
787 525 913 622 possit.
966 525 1190 624 Contingere
1203 549 1291 624 ergo
1308 550 1372 624 po·

160 628 303 735 ,Tm
343 651 426 729 test,
452 649 489 711 et
513 636 693 733 contingit
721 661 818 733 saepe
843 639 883 710 in
903 638 1125 730 civitatibus
1148 642 1252 737 J‘ussu
1273 664 1371 714 sum-

161 753 249 799 ffl'*
341 776 437 826 mam
460 750 626 824 habentis
650 760 881 846 potestatem,
904 751 1139 827 innocentem
1162 752 1273 826 etiam
1292 752 1370 826 sinc

338 864 470 961 injuria
502 862 681 947 iuterfici;
717 875 759 935 ut
793 863 939 959 quando
973 864 1086 938 filiam
1121 889 1224 939 suam
1253 866 1370 940 occidi

334 978 440 1075 jussit
455 975 627 1072 Jephtha.
679 975 799 1049 Etiam
816 976 855 1048 iu
873 977 1054 1050 occisione
1073 978 1185 1067 Uriae,
1208 979 1276 1051 etsi
1307 1002 1370 1052 rex

337 1090 455 1165 David
471 1089 593 1185 inique
615 1088 716 1177 fecit,
735 1100 772 1163 et
798 1101 928 1163 contra
952 1091 1071 1163 Deum
1095 1090 1257 1187 graviter
1285 1116 1371 1188 pec·

336 1203 443 1292 cavit,
461 1211 590 1275 contra
608 1200 736 1275 Uriam
762 1213 887 1274 tamen
904 1225 978 1274 non
997 1203 1174 1298 peccavit,
1201 1203 1264 1300 qui
1281 1204 1370 1277 facti

334 1317 429 1390 illius
441 1314 630 1389 authorem
643 1337 681 1387 se
694 1314 845 1388 fecerat.
915 1314 1000 1387 Tibi
1013 1316 1088 1388 soli
1097 1318 1270 1414 peccavi,
1283 1330 1370 1391 sunt

337 1432 408 1524 (Ps.
423 1429 470 1501 iv.
485 1428 523 1520 6)
537 1427 648 1500 verba
658 1426 772 1522 ipsius
786 1426 833 1500 ad
844 1427 962 1500 Deum
975 1428 1138 1502 Davidis
1182 1429 1261 1502 Deo
1272 1429 1369 1503 enim

334 1543 410 1616 solo
422 1541 575 1637 obligari
587 1541 707 1637 potuit
720 1564 795 1614 rex.
823 1541 943 1614 Etiam
953 1543 1110 1638 populus
1122 1543 1368 1634 Atheniensis

333 1680 416 1729 cum
434 1655 551 1727 civem
577 1676 644 1750 per
671 1653 926 1726 ostracismum
948 1655 987 1726 in
1016 1655 1164 1728 exilium
1191 1658 1368 1747 mitteret,

332 1794 407 1843 non
423 1768 526 1841 illum
543 1766 705 1840 criminis
721 1768 926 1857 accusabat,
946 1767 1011 1840 sed
1028 1792 1282 1866 quemcunque
1306 1794 1370 1844 ex-

331 1883 433 1955 ulare
445 1880 561 1953 voluit
577 1903 751 1952 numerus
770 1879 976 1952 concivium
987 1881 1180 1972 maximus,
1194 1882 1226 1955 is
1244 1884 1369 1957 exula-

330 1997 416 2079 bat3
434 2019 508 2067 non
526 1994 612 2089 quia
630 1992 783 2066 violator
793 1993 917 2090 legum
929 2008 1021 2083 erat,
1040 1995 1105 2068 sed
1118 1996 1368 2093 quiapropter

332 2108 482 2181 nimiam
497 2106 700 2205 potentiam
716 2106 851 2179 violare
868 2107 967 2203 leges
983 2108 1133 2204 impune
1145 2132 1250 2205 posse
1267 2109 1368 2185 vide·

331 2222 450 2293 batur.
503 2221 630 2316 Itaque
652 2217 863 2308 Aristidem,
882 2220 940 2291 cui
955 2244 1160 2315 cognomen
1181 2221 1273 2316 justi
1299 2223 1370 2319 ipsi

331 2345 417 2406 ante
428 2332 617 2421 dederant,
632 2331 780 2405 civitate
791 2333 1019 2429 expulerunt.
1038 2334 1268 2431 Expulerunt
1280 2335 1368 2408 item

332 2446 587 2544 Hyperbolum
614 2445 678 2517 imi
702 2445 840 2519 ordinis
864 2447 1048 2520 hominem
1066 2470 1241 2535 scurram,
1259 2471 1367 2544 quem

332 2585 440 2633 nemo
464 2560 652 2632 metuebat
676 2559 763 2654 quia
786 2560 1001 2643 voluerunt3
1024 2560 1238 2655 joculariter
1261 2561 1367 2651 forte,

332 2699 406 2748 non
424 2690 548 2747 autem
564 2673 709 2769 injuste,
727 2698 810 2746 cum
827 2673 865 2746 id
875 2675 958 2769 jure
973 2673 1130 2746 fecerint
1148 2673 1317 2747 civitatis.

381 2788 546 2860 Libertas
563 2786 637 2874 illa,
656 2785 702 2858 de
719 2811 792 2882 qua
809 2787 846 2859 in
870 2787 1082 2860 Graecorum
1101 2787 1367 2861 Romanorum-

332 2925 401 2996 que
418 2913 582 2974 veterum
605 2900 706 2972 libris
723 2900 907 2973 historicis
935 2911 973 2973 et
993 2899 1165 2995 politicis,
1184 2900 1366 2997 hodieque

331 3015 369 3086 in
387 3038 554 3086 sermone
571 3025 608 3085 et
624 3014 768 3109 scriptis
787 3038 913 3086 eorum
924 3013 986 3110 qui
999 3014 1165 3087 Graecam
1176 3025 1214 3086 et
1232 3014 1366 3088 Roma-

332 3151 417 3199 nam
445 3127 633 3224 politicam
659 3151 762 3199 suam
796 3127 947 3217 faciunt,
983 3139 1060 3200 tam
1092 3127 1290 3223 magnifica
1322 3130 1367 3202 fit

331 3240 480 3332 mentio,
497 3264 572 3313 non
589 3239 723 3312 civium
737 3240 987 3336 singularium,
1005 3241 1070 3313 sed
1084 3240 1241 3313 civitatis
1258 3242 1366 3314 liber-

332 3364 389 3426 tas
407 3366 484 3437 est;
510 3353 712 3448 eademque
726 3374 808 3447 quae
821 3352 1010 3425 hominum
1024 3353 1265 3449 singularium
1275 3353 1365 3428 fuis-

331 3478 397 3555 set,
415 3466 485 3539 nisi
502 3466 712 3540 constitutae
729 3465 896 3539 civitates
910 3477 947 3538 et
960 3466 1059 3562 leges
1069 3466 1235 3539 fuissent.
1264 3468 1367 3542 Sicut

331 3581 428 3652 enim
445 3579 542 3652 inter
558 3579 736 3668 homineS,
755 3579 833 3651 sine
850 3579 942 3675 lege,
958 3580 1036 3652 sine
1048 3580 1212 3676 imperio,
1229 3581 1367 3655 bellum

329 3694 526 3789 unicuique
544 3703 672 3766 contra
688 3693 849 3765 vicinum
866 3704 934 3782 est,
952 3693 1053 3766 nulla
1070 3706 1193 3766 autem
1209 3694 1366 3768 haeredi-

330 3817 387 3879 tas
404 3807 487 3879 filiis
504 3805 797 3894 transmittenda,
822 3805 924 3879 nulla
949 3807 1154 3903 proprietas
1171 3808 1364 3899 bonorum,

329 3921 431 3994 nulla
444 3921 633 4009 securitas
651 3919 716 3993 sed
733 3919 882 3993 libertas
899 3921 1097 4017 unicuique
1115 3921 1225 4017 plena
1245 3933 1284 3994 et
1300 3921 1366 3994 ab·

329 4034 469 4116 soluta;
499 4034 552 4106 ita
579 4033 675 4105 inter
700 4032 877 4122 civitates,
901 4057 1055 4129 quarum
1071 4059 1146 4108 una
1166 4034 1271 4107 alteri
1290 4059 1364 4109 non

329 4147 531 4242 subjicitur,
548 4146 745 4241 unicuique
763 4146 905 4219 civitati
919 4147 1069 4221 libertas
1086 4147 1242 4221 faciendi
1261 4149 1364 4244 quic-

329 4260 417 4355 quid
435 4260 503 4333 sibi
520 4259 753 4336 commodum
778 4259 961 4333 videbitur
987 4262 1155 4334 absoluta
1171 4273 1237 4333 est.
1290 4260 1363 4335 Sed
