2926 4980
104 534 180 583 CAI’.
195 533 280 586 xull.

122 618 263 648 -w-ae

119 686 153 729 De
162 691 269 743 muana

116 750 270 795 ecclesiastica.

306 322 380 389 400
548 336 603 389 nn
623 336 819 390 crvmu‘rs
838 336 1110 391 cnmsmaun.

306 514 363 575 set
380 502 439 575 cui
458 502 495 573 in
512 503 610 576 bello
624 504 773 576 obedire
792 502 1011 578 debuerunt.
1053 504 1150 578 Item
1166 502 1207 577 in
1226 528 1358 579 conse-

305 616 470 689 eratione
488 617 697 690 Levitarum
719 618 847 711 (Num.
865 617 940 690 viii.
958 626 995 706 9,
1015 620 1099 709 10):
1125 614 1360 691 Admoaebis

306 729 462 801 Leaitua
492 755 618 802 corum
646 729 827 821 Jelroealr,
855 740 892 804 et
910 730 997 821 filii
1028 729 1192 803 Israelis
1225 754 1361 803 aranu

306 867 396 914 suaa
419 868 535 940 super·
557 844 662 939 ipsos
693 843 851 916 Leritaa
878 844 1093 942 imponent,·
1119 856 1158 916 et
1192 843 1234 916 in
1269 868 1361 919 con-

306 955 541 1030 demnatione
567 956 771 1053 blasphemi
792 957 993 1050 (Leviticus
1015 957 1113 1031 xxiv.
1136 956 1361 1047 14):E‹1u-

305 1070 382 1141 rito
406 1068 657 1165 blasphemum
687 1070 798 1141 iatum
828 1078 941 1141 cetra
968 1079 1113 1158 castra,
1134 1078 1176 1141 ut
1198 1069 1362 1167 quicun-

304 1207 377 1279 que
405 1182 629 1254 urrdiecrumt
663 1181 767 1254 illurn
801 1206 930 1253 rrrauua
965 1206 1055 1253 auos
1088 1206 1206 1278 super
1237 1192 1361 1281 caput

305 1297 386 1387 ejus
414 1306 586 1391 portuum
621 1295 757 1368 deiude
787 1294 938 1392 lapidet
969 1320 1047 1367 crem
1083 1304 1184 1367 totus
1220 1306 1359 1369 coelus.

307 1408 431 1482 Quare
461 1423 586 1480 autem
613 1432 743 1481 manus
772 1408 824 1481 illi
851 1408 1039 1504 imponere
1070 1406 1137 1480 soli
1170 1406 1361 1503 jubeban-

305 1532 379 1605 tur,
411 1521 474 1615 qui
496 1520 598 1593 illum
620 1522 824 1609 audierant,
842 1546 885 1594 ac
912 1545 987 1595 non
1015 1521 1138 1617 potius
1167 1522 1360 1611 sacerdos,

306 1634 364 1706 vel
382 1634 522 1722 Levita,
540 1635 598 1707 vel
623 1635 780 1731 justitiae
801 1634 969 1707 minister
992 1635 1136 1732 aliquis,
1154 1634 1226 1707 nisi
1253 1635 1360 1733 qnod

305 1747 452 1821 illorum
469 1773 578 1822 nemo
594 1749 870 1847 congregationi
885 1748 1089 1844 designare,
1102 1747 1161 1821 vel
1174 1746 1359 1839 indicare,

305 1862 427 1956 potuit
444 1862 525 1957 quis
541 1862 654 1934 fuerit
679 1865 741 1957 qui
766 1863 1095 1958 blasphemaverat,
1126 1872 1164 1934 et
1192 1886 1360 1936 comme·

305 1985 430 2047 ruerat
447 1975 559 2048 mori?
586 1975 784 2049 Hominem
797 1986 921 2047 autem
933 1974 991 2047 vel
1008 1998 1086 2047 rem
1099 1975 1210 2048 aliam
1224 1999 1360 2071 qnam-

304 2112 448 2183 cunque
477 2113 544 2185 per
569 2113 719 2161 manum
745 2088 794 2161 ad
827 2089 953 2162 oculos
988 2088 1196 2179 ostendere,
1232 2090 1357 2165 errori

304 2201 425 2275 minus
443 2203 642 2276 obnoxium
660 2215 729 2293 est,
748 2227 860 2298 qnam
876 2203 925 2276 ad
941 2225 1048 2276 aures
1065 2202 1214 2276 nominc
1230 2203 1358 2301 desig-

306 2338 404 2387 nare.

355 2429 398 2501 In
423 2441 566 2502 tantum
593 2441 716 2502 autem
740 2428 877 2525 placuit
894 2453 938 2502 eo
957 2442 1122 2526 tempore
1139 2432 1356 2507 ceremonia

305 2541 395 2631 hacc,
421 2543 517 2614 utin
538 2542 789 2615 benedicenda
815 2555 895 2616 tota
919 2543 1026 2615 simul
1049 2544 1353 2640 congregatione,

305 2656 391 2749 quia
418 2680 483 2751 pcr
511 2680 686 2729 manuum
713 2657 984 2751 impositionem
1012 2657 1094 2729 ficri
1117 2681 1192 2730 non
1212 2659 1352 2753 potuit,

305 2793 434 2841 manus
453 2783 576 2841 tamen
594 2795 719 2842 versus
736 2771 912 2866 populum
941 2771 978 2842 in
1001 2770 1255 2844 benedicendo
1279 2772 1354 2845 ele·

303 2895 449 2971 varunt,
463 2896 505 2955 ut
522 2884 644 2979 legere
662 2897 718 2957 est
734 2885 850 2956 Levit.
870 2883 919 2955 ix.
939 2893 998 2955 ⁶22.

354 2995 493 3068 Eadem
518 2997 725 3069 ceremonia
748 3022 835 3069 usus
861 2996 972 3069 ctiam
999 3007 1054 3068 est
1075 2996 1254 3085 Christus
1272 3022 1351 3071 ma-

304 3134 373 3181 nus
406 3111 442 3182 in
470 3111 552 3184 illos
578 3111 770 3207 imponens
803 3134 894 3207 quos
920 3110 1084 3199 sanabat,
1115 3125 1180 3183 aut
1215 3112 1350 3206 quibus

304 3222 555 3296 benedicebat.
592 3225 706 3296 Juxta
722 3224 834 3296 ritum
852 3224 950 3295 hunc
968 3224 1125 3318 apostoli
1143 3237 1181 3297 et
1198 3226 1350 3321 presby-

304 3339 385 3427 teri,
401 3338 593 3433 ipsumque.
611 3338 891 3433 presbyterium,
908 3337 947 3408 in
966 3336 1058 3425 illos,
1077 3362 1169 3433 quos
1181 3350 1349 3434 pastores

304 3452 591 3539 constituebant,
608 3475 736 3523 manus
755 3451 1019 3545 imposuerunt,
1039 3464 1076 3523 et
1092 3475 1159 3545 pro
1177 3451 1248 3524 illis
1264 3476 1349 3548 pre-

304 3565 376 3636 cati
395 3579 493 3652 sunt,
512 3578 554 3636 ut
571 3564 779 3660 reciperent
793 3565 969 3659 Spiritum
985 3565 1173 3637 Sanctum.
1224 3566 1347 3639 Etiam

304 3677 423 3749 eidem
458 3678 597 3773 pastori
633 3702 760 3749 manus
796 3678 975 3773 impositae
1013 3675 1115 3750 fuere
1149 3678 1347 3774 aliquando

306 3791 450 3887 saepiuS,
470 3815 612 3887 nempe,
627 3814 710 3862 cum
728 3792 776 3864 ad
800 3791 1039 3864 ministerium
1061 3816 1198 3864 novum
1222 3793 1347 3865 mitte·

304 3916 417 3976 retur.
470 3904 569 3977 Finis
593 3916 716 3976 autem
741 3904 983 4000 impositionis
1004 3928 1180 3977 marinum
1203 3929 1348 4001 semper

303 4017 401 4090 idem
421 4016 504 4107 fuit,
522 4041 689 4112 personae
708 4017 756 4089 ad
780 4041 911 4089 munus
932 4017 1115 4113 pastorale
1139 4018 1266 4092 clectae
1284 4017 1347 4091 de-

304 4132 464 4227 signatio
483 4143 612 4204 exacta
630 4142 667 4204 et
681 4130 862 4227 religiosa.
928 4131 1096 4225 Apostoli
1118 4131 1217 4223 (Act.
1236 4130 1285 4203 vi.
1304 4132 1344 4224 6)

304 4268 433 4318 manus
458 4245 712 4340 imposuerunt
739 4255 879 4341 septem
913 4243 1088 4334 diaconis,
1120 4269 1195 4317 non
1222 4256 1265 4317 nt
1292 4268 1348 4317 rc-
