2926 4980
487 630 646 705 INDEX
673 626 910 702 CAPITUM.

477 1065 555 1105 PARS
578 1063 692 1103 nalum.
733 1063 774 1103 DE
796 1061 933 1102 nomme.

89 1177 125 1206 Η.

150 1233 376 1292 Introductio

101 1337 130 1389 1.
153 1329 211 1387 De
230 1330 345 1388 Sensu

101 1430 135 1486 2.
157 1426 217 1483 De
234 1425 467 1501 imaginatione

110 1527 141 1579 3.
165 1521 223 1579 De
241 1519 474 1595 Consequentia
487 1520 546 1576 sive
561 1516 642 1575 Serie
656 1517 896 1594 Imaginationum
1004 1560 1009 1570 .
1092 1559 1098 1572 .
1180 1558 1186 1572 .

114 1625 145 1677 1.
169 1617 230 1674 De
248 1616 400 1675 Sermone
482 1652 1188 1670 .........
1236 1612 1273 1670 21

117 1721 150 1774 5.
173 1714 232 1771 De
249 1712 385 1770 Ratione
398 1718 428 1767 et
441 1708 576 1768 Scientia.
746 1748 1190 1766 ......
1237 1711 1273 1767 31

121 1815 156 1871 6.
177 1809 237 1866 De
253 1807 415 1880 Principiis
429 1806 546 1863 internis
560 1802 662 1862 Motus
678 1803 849 1874 voluntarii,
864 1823 929 1881 qum
941 1804 1026 1881 vulgo
1041 1812 1180 1861 vocantur

286 1902 440 1959 Passiones
564 1940 1188 1957 ........
1238 1902 1276 1959 39

127 2005 161 2062 7.
186 1998 243 2056 De
258 1998 454 2056 Discursuum
471 1997 568 2054 Animi
584 1996 878 2055 Determinationibus

131 2099 165 2153 8.
189 2092 243 2150 De
259 2092 425 2149 Virtutibus
436 2089 602 2148 Intellectus

134 2193 168 2248 9.
192 2186 246 2244 De
263 2185 455 2243 Scientiarum
469 2184 681 2242 Distributione

119 2286 170 2343 10.
193 2282 245 2339 De
261 2280 404 2348 Potentia,
418 2278 578 2356 Dignitate‚
591 2290 621 2338 et
634 2280 754 2338 Honore
830 2323 1188 2338 .....
1238 2285 1277 2342 68

120 2384 173 2438 ll.
197 2379 248 2436 De
266 2376 413 2434 Varietate
424 2375 541 2434 Morum
656 2417 1190 2434 .......
1238 2379 1276 2440 77

123 2479 174 2535 12.
200 2474 251 2532 De
265 2472 417 2550 Religione
569 2513 1188 2530 ........
1239 2477 1278 2534 85

128 2573 177 2630 13.
201 2571 251 2629 De
276 2569 450 2628 Conditione
471 2569 593 2628 Generis
617 2566 757 2636 Humani,
791 2576 930 2645 quatenus
952 2568 988 2625 ad
1012 2567 1189 2627 Felicitatem

291 2665 367 2722 Vitae
377 2665 523 2740 praesentis
534 2664 636 2720 attinet
746 2704 1190 2721 ......
1239 2665 1277 2726 90

127 2767 179 2821 14.
202 2760 252 2818 De
266 2760 390 2818 Duabus
400 2761 498 2835 primis
510 2757 639 2836 Legibus
653 2758 839 2817 Naturalibus
920 2802 927 2815 .
1008 2802 1015 2817 .
1095 2804 1103 2819 .
1183 2802 1191 2819 .
1223 2764 1279 2821 102

128 2862 180 2917 15.
202 2855 252 2914 De
265 2855 395 2933 Legibus
408 2854 527 2912 Naturae
536 2856 599 2912 aliis
747 2896 1191 2915 ......
1225 2859 1276 2915 111

129 2957 180 3012 16.
201 2951 251 3009 De
265 2951 398 3008 Personis
408 2960 436 3007 et
448 2951 626 3008 Authoribus
746 2992 1190 3012 ......
1223 2955 1279 3013 123

464 3142 544 3182 rans
567 3143 722 3185 sscunna.
765 3145 806 3185 nn
827 3124 993 3187 civium.

129 3256 180 3315 17.
203 3251 252 3309 De
266 3248 372 3315 Causa,
386 3249 587 3320 Generatiooe‚
598 3260 629 3310 et
641 3252 819 3312 Definitione
829 3254 963 3316 Civitatis
1098 3299 1106 3314 .
1185 3296 1194 3313 .
1224 3258 1280 3321 121

131 3352 183 3407 18.
205 3345 255 3403 De
267 3344 340 3403 lure
355 3344 521 3404 habentium
542 3346 691 3406 Summam
706 3347 890 3419 Potestatem,
904 3352 933 3408 in
945 3348 1069 3409 Civitate
1082 3369 1134 3427 per
1148 3352 1195 3410 ln·

293 3442 470 3498 stitutionem
572 3484 1193 3504 ........
1226 3451 1284 3509 132

133 3542 182 3599 19.
203 3538 251 3596 De
265 3536 427 3595 Generibus
443 3535 599 3596 civitatum
613 3558 665 3615 per
679 3540 900 3605 Institutionem,
913 3549 943 3599 et
956 3541 992 3598 de
1008 3539 1194 3600 Sucoessione

292 3632 329 3689 ad
345 3629 494 3689 Summam
509 3630 684 3693 Potestatem
748 3677 1196 3697 ......
1228 3640 1280 3699 141

129 3732 183 3787 20.
206 3726 253 3784 De
268 3725 405 3783 Dominio
419 3724 544 3785 Paterno
558 3737 587 3787 et
601 3728 759 3806 Despotioo
835 3774 1194 3791 .....
1227 3738 1284 3795 150

130 3827 183 3882 21.
206 3821 253 3879 De
266 3821 415 3879 Libertate
426 3820 540 3881 Civium
660 3865 1193 3885 .......
1227 3833 1283 3891 159

131 3921 184 3976 22.
207 3916 254 3976 De
270 3916 479 3995 Systematibus
492 3916 607 3976 Civium
749 3963 1194 3980 ......
1227 3927 1284 3987 170

134 4016 187 4073 23.
207 4012 256 4070 De
270 4010 424 4069 Potestatis
438 4013 565 4072 Summae
579 4013 722 4073 Ministris
736 4014 864 4074 Publicis
1012 4061 1019 4074 .
1100 4062 1107 4074 .
1188 4061 1195 4076 .
1228 4024 1279 4081 181

138 4112 188 4168 24.
212 4109 260 4166 De
274 4107 405 4166 Civitatis
419 4110 566 4168 Facultate
579 4110 727 4170 Nutritiva
740 4121 770 4170 et
783 4113 958 4172 Generativa
1013 4156 1019 4170 .
1101 4157 1108 4172 .
1189 4158 1196 4174 .
1229 4122 1285 4178 185

136 4209 187 4265 25.
210 4205 257 4263 De
273 4204 398 4263 Consilio
488 4245 1197 4271 .........
1229 4218 1287 4276 190

134 4304 186 4359 26.
209 4298 255 4356 De
269 4297 397 4374 Legibus
410 4298 550 4358 Civilibus
664 4342 1197 4365 .......
1229 4312 1285 4369 196
