954 1429
280 175 317 192 286
401 179 428 192 ns
438 178 536 192 ωνιτᾼτκ
546 178 682 192 camsi-inm.

172 227 273 241 maxxxw.
280 223 341 239 autem
351 220 417 241 Sacris,
426 220 533 244 plerumque
540 220 624 238 nuncium
631 227 642 238 a
653 221 700 239 Deo.
718 220 805 239 Nuncins

173 248 340 278 1,ιζ’ᾟζὶζίήωαιιίιῑιιῑι
351 254 362 266 a
373 248 418 271 Deo,
428 251 456 267 est
468 254 523 267 omne
536 248 561 270 id,
571 255 604 273 per
616 248 666 273 quod
678 249 728 267 Deus
739 255 805 273 snper-

172 283 206 307 32:5¹*
212 279 273 307 '¹⁴⁴⁵‘ss
279 277 388 295 naturaliter
396 277 512 301 praesentiam
524 277 562 295 sive
573 277 676 301 potentiam
686 278 726 301 ejus
741 281 804 296 extra,-

172 298 266 327 mmm-7111.
279 305 389 323 ordinariam
398 305 513 324 manifestam
519 305 569 328 facit,
575 306 666 330 praecipue
674 312 717 324 vero
726 306 745 324 in
755 312 804 324 som-

172 328 251 358 ssssss'dm'
257 328 273 339 ¹¹*
279 333 314 351 niis
324 337 343 351 et
351 333 457 352 visionibus.

306 362 335 380 De
351 362 444 380 creatione
461 362 568 386 angelorum
586 363 604 380 in
622 362 722 386 Scriptnris
741 362 804 381 Sacris

279 390 352 409 disertis
369 390 429 408 verbis
446 390 492 409 nihil
510 391 594 409 traditur.
626 391 729 415 Scriptores
746 391 805 415 igitur

279 419 396 437 ecelesiastici
406 419 428 437 de
437 422 503 437 natura
512 419 619 443 angelorum
629 419 745 437 dissentiunt.
766 420 804 438 Ve-

278 450 338 465 terum
347 451 409 465 autern
418 447 493 466 Patr-um
504 447 575 472 aliquot
586 447 724 465 eminentissimi
736 454 804 472 corpo-

278 481 319 494 reos
327 481 358 494 eos
365 481 405 494 esse
413 478 533 500 putaverunt:
547 476 577 494 alii
585 475 668 494 nonnulli
677 476 802 500 incorporeos.

278 504 373 522 Vocantur
382 504 450 528 passim
459 503 478 522 in
485 503 585 527 Scripturis
594 504 675 528 spiritus.
701 504 738 522 Sed
747 504 803 528 spiri-

277 535 314 554 tus,
323 535 362 550 tum
375 538 387 550 a
398 532 519 556 scriptoribus
531 532 601 550 Judaeis
613 535 652 550 tum
661 532 736 554 Graecis,
745 532 802 551 modo

278 566 356 584 corpora
362 560 442 582 subtilia,
450 563 471 578 ut
480 566 517 582 aer,
526 563 597 582 ventus,
607 560 718 584 spiritusque
731 561 803 579 anima-

278 588 335 609 lium;
353 588 409 606 modo
421 588 551 612 phantasmata
564 588 697 611 existimantur,
712 594 754 612 qnae
766 595 802 607 nec

278 617 334 635 realia
342 619 391 639 sunt,
400 622 434 635 nec
444 616 513 635 diutius
523 619 630 640 permanent
642 623 698 640 quam
709 617 801 635 somnium

278 648 297 663 et
305 645 350 663 visio
359 645 378 663 in
391 651 427 669 qua
440 648 536 669 apparent.
563 645 610 663 Quae
621 645 751 669 phantasmata
763 645 801 663 sive

278 673 408 698 apparitiones,
418 673 452 692 etsi
462 673 569 691 substantiae
578 679 616 691 non
624 673 667 695 sint,
676 673 708 691 sed
717 673 802 692 acciden-

277 702 304 721 tia
312 707 424 726 organorum
433 702 524 720 sentiendi
532 709 537 723 ;
551 701 624 726 qnando
631 705 693 720 tamen
702 708 713 720 a
722 702 768 724 Deo,
777 702 801 720 ad

277 731 392 749 voluntatem
407 736 459 749 suam
476 730 621 754 significandam,
637 730 801 754 supernaturaliter

278 759 411 783 producuntur,
420 765 458 777 non
472 759 571 783 improprie
583 759 646 777 nuncii
658 765 669 777 a
682 759 728 781 Deo,
738 759 757 777 id
766 762 801 781 est,

278 787 338 811 angeli
347 787 468 811 appellantur.

303 816 327 833 Et
339 815 387 833 sicut
399 818 464 839 gentes
476 815 604 839 phantasmata
617 815 746 833 somniantium
758 815 801 833 snb-

278 844 356 861 stantias
364 843 422 861 reales
431 849 471 861 esse
483 843 639 865 existimaverunt,
648 846 666 861 et
677 843 720 861 inde
734 843 802 861 doctri-

278 878 321 890 nam
326 877 378 890 suam
385 871 408 890 de
413 871 467 890 bonis
472 875 492 889 et
499 871 551 889 malis
557 871 671 889 daemonibus
677 871 800 890 deduxerunt:

277 900 304 919 ita
310 900 365 919 etiam
370 900 380 918 J
382 900 436 922 udaei,
442 900 481 918 sine
487 899 558 918 Veteris
563 900 675 918 Testamenti
682 900 801 922 authoritate,

278 932 378 947 tenuerunt
385 928 424 946 fere
436 934 506 950 omnes,
515 928 596 952 exceptis
609 928 720 950 Sadducaeis,
729 928 801 952 appari-

277 957 337 975 tiones
350 957 389 975 illas
402 962 441 975 esse
454 956 536 980 angelos,
546 962 580 974 nec
590 956 692 980 dependere
704 956 779 974 omnino
789 962 801 974 a

277 985 381 1009 phantasia,
390 985 422 1003 sed
431 991 471 1003 esse
480 985 515 1003 Dei
522 987 616 1003 creaturas
622 987 761 1008 permanentes;
774 988 800 1007 et,

277 1017 299 1032 ut
310 1013 376 1035 Graeei,
385 1013 431 1031 alios
440 1019 503 1031 eorum
513 1013 570 1031 bonos
579 1018 625 1034 esse,
635 1015 654 1031 et
665 1012 740 1036 angelos
753 1012 799 1034 Dei:

276 1042 323 1060 alios
331 1042 395 1064 malos,
404 1042 463 1066 qualis
476 1044 516 1059 erat
526 1041 601 1065 spiritus
610 1041 688 1065 Python,
697 1044 716 1059 et
725 1041 800 1065 spiritus

277 1070 356 1089 hominis
365 1073 427 1088 mente
434 1070 484 1094 capti
489 1069 518 1087 vel
524 1069 607 1091 lunatici,
614 1072 633 1087 et
640 1069 738 1093 epileptici.
752 1069 799 1087 Nam

276 1098 382 1123 hujusmodi
394 1098 477 1117 homines
491 1098 539 1122 opud
552 1097 626 1116 Judaeus
639 1098 753 1116 habebantur
765 1103 798 1121 pro

276 1127 400 1146 daemoniacis.

148 1147 238 1265 Ι
302 1155 322 1174 Si
328 1155 369 1174 loca
375 1154 488 1174 Testamenti
495 1154 573 1176 Veteris,
578 1154 609 1172 ubi
616 1154 723 1178 angelorum
730 1153 797 1172 mentio
