2926 4980
337 373 409 437 338
577 388 632 440 mr
651 388 836 445 crvruuuu
856 391 1127 448 οιιιιιειιιιιιι.’

161 582 283 637 xxxix,
336 554 428 627 falsa
444 565 511 627 est.
564 555 655 630 Quis
672 569 795 632 autem
812 584 974 636 summus
990 560 1051 636 ille
1062 572 1188 660 pastor
1200 563 1249 637 sit
1261 562 1373 658 Juxta

126 726 183 833 Μ
185 728 271 779 ,Μ
155 666 435 764 *finges
451 677 605 759 naturae,
618 683 805 746 ostensum
818 688 874 748 est
889 675 1065 772 superius,
1076 699 1218 773 nempe,
1232 675 1296 750 ille
1309 676 1372 750 oui

125 799 185 899 ,ιη
150 792 303 915 'aa'
337 804 479 854 summa
492 794 547 856 est
559 787 741 879 potestas
731 811 769 859 m
783 787 952 863 civitate.
971 790 1051 886 quis
1066 800 1190 863 autern
1201 788 1252 862 ert
1258 790 1373 885 Juxta

124 868 259 1029 spu
226 936 309 1031 lp
334 893 545 1081 l{ppipturas
564 897 705 987 Sacrae,
716 898 968 975 videbimusin
986 902 1165 999 capitibus
1182 902 1372 999 sequenti-

754 1251 949 1264 ——u-u

753 1265 949 1283 Ψ

719 1417 880 1492 CAPUT
904 1419 982 1493 XL.

396 1585 442 1634 DE
459 1587 548 1636 JURE
568 1587 676 1638 REGNI
695 1588 757 1638 DEI
775 1590 812 1639 IN
831 1589 1040 1653 ABRAHAMO‚
1058 1586 1308 1652 Mosmsurusss

518 1688 791 1753 sucnuuomm,
810 1690 854 1739 ΕΤ
871 1691 1020 1740 REGIBUS
1035 1690 1178 1739 JUDAEAE.

336 1805 472 1878 Ριιιιιιι
501 1802 676 1892 fidelium,
694 1814 731 1876 et
755 1827 821 1900 per
845 1816 995 1900 paetum
1022 1804 1160 1900 primus
1184 1801 1223 1874 in
1249 1824 1368 1897 regno

337 1917 417 2005 Dei,
432 1927 513 1989 erat
531 1916 772 1989 Abrahamua
814 1917 906 1990 Cum
919 1917 982 1990 illo
995 1917 1112 2013 primo
1129 1927 1279 2011 paetum
1296 1915 1369 1988 ini-

337 2040 415 2103 tum
432 2029 517 2103 ruit:
536 2053 602 2126 per
616 2029 715 2124 quod
725 2041 873 2126 paetum
890 2031 1047 2126 seipsum
1064 2041 1102 2101 et
1119 2052 1241 2101 semen
1260 2051 1371 2102 suum

337 2154 422 2239 post
439 2166 477 2215 se
494 2142 643 2216 obedire
660 2142 841 2216 mandatis
858 2143 927 2217 Dei
945 2141 1130 2238 obligavit,
1147 2165 1222 2214 non
1248 2142 1370 2214 solum

336 2256 573 2345 naturalibuS,
588 2255 653 2328 sed
670 2258 779 2329 etiam
796 2256 867 2329 illis
883 2256 1066 2330 mandatis
1089 2280 1170 2352 quae
1188 2254 1287 2327 Deus
1305 2278 1368 2327 su-

336 2369 617 2466 pernaturaliter
642 2370 832 2443 manifesta
854 2370 992 2444 faceret
1013 2393 1080 2465 per
1098 2368 1239 2441 somnia
1256 2379 1295 2440 et
1311 2368 1368 2439 vi-

337 2483 468 2555 siones.
521 2483 678 2577 Legibus
696 2483 793 2557 enim
811 2484 1036 2556 naturalibus
1049 2494 1135 2556 ante
1153 2482 1366 2556 tenebatur:

336 2606 379 2668 ut
397 2595 441 2668 de
459 2595 529 2667 illis
546 2595 681 2690 pacisci
698 2618 789 2690 opus
806 2619 880 2668 non
898 2607 1006 2668 esset.
1057 2596 1187 2667 Pactus
1205 2617 1292 2689 ergo
1311 2606 1368 2667 est

337 2732 421 2780 cum
445 2709 522 2781 Deo
546 2709 786 2796 Abrahamua
804 2732 871 2804 pro
893 2708 1064 2781 mandato
1083 2707 1204 2780 divino
1227 2706 1367 2780 habere

337 2821 510 2917 quiequid
525 2822 562 2893 in
580 2821 648 2894 Dei
673 2822 820 2894 nomine
836 2845 903 2917 per
920 2823 1099 2894 somnium
1116 2820 1174 2893 vel
1191 2820 1368 2897 visionem

336 2934 389 3007 illi
414 2935 665 3030 imperaretur,
698 2947 735 3007 et
761 2934 859 3006 idem
883 2934 1029 3006 familiae
1056 2957 1130 3006 suae
1156 2932 1367 3029 praecipere,

337 3058 374 3121 et
389 3048 511 3120 facere
527 3058 568 3119 ut
585 3049 829 3120 observarent.
857 3047 901 3118 in
918 3057 1025 3143 pacto
1043 3046 1114 3118 hoe
1131 3046 1204 3118 tria
1216 3045 1369 3119 veniunt

337 3159 610 3250 consideranda,
635 3160 782 3233 maximi
810 3160 984 3234 momenti
1006 3160 1045 3232 in
1065 3160 1190 3257 populi
1211 3160 1279 3232 Dei
1300 3183 1367 3255 gu-

336 3273 561 3346 bernatione.
614 3273 785 3362 Primum,
804 3272 903 3369 quod
919 3274 957 3345 in
975 3273 1071 3369 pacti
1091 3272 1199 3368 hujus
1222 3272 1367 3345 institu-

337 3386 447 3474 tione,
482 3386 599 3458 solum
632 3385 838 3481 alloquutus
868 3397 923 3457 est
957 3386 1055 3458 Deus
1088 3385 1366 3458 Abrahamum:

336 3522 454 3594 neque
480 3497 627 3570 omnino
653 3522 737 3570 eum
760 3497 896 3571 familia
921 3499 1114 3593 quicquam
1141 3510 1270 3595 paetus
1299 3510 1366 3589 est,

337 3636 454 3707 neque
475 3611 595 3684 adhue
613 3636 696 3684 cum
713 3611 860 3699 semine,
879 3610 949 3683 nisi
967 3622 1144 3705 quatenus
1160 3610 1368 3684 voluntates

338 3750 463 3798 eorum
476 3724 728 3820 intelligantur
740 3724 778 3795 in
791 3723 978 3797 voluntate
992 3722 1190 3796 Abrahami
1203 3746 1368 3819 eompre-

336 3838 458 3911 hensae
476 3861 566 3910 esse.
611 3836 752 3908 Habuit
766 3835 863 3907 enim
876 3837 937 3930 jus
947 3836 1175 3909 Abrahamus
1192 3835 1367 3909 familiam

337 3976 440 4025 suam
457 3949 623 4046 cogendi,
636 3961 678 4021 ut
695 3973 776 4043 quae
793 3972 860 4044 pro
878 3948 949 4021 illis
966 3949 1194 4045 promiserat,
1207 3948 1259 4020 illi
1276 3972 1367 4045 prae-

338 4077 496 4139 starent:
520 4065 626 4159 juxta
650 4061 688 4134 id
717 4060 816 4156 quod
841 4061 974 4156 legitur
1003 4061 1092 4133 Gen.
1109 4060 1208 4133 xviii.
1231 4069 1287 4151 18,
1310 4070 1365 4152 19,

338 4178 400 4249 ubi
419 4179 509 4251 dicit
526 4177 625 4249 Deus
643 4174 689 4248 de
707 4174 926 4263 abrahamo,
946 4173 1201 4246 benedicenda>
1218 4185 1306 4248 aaut
1329 4176 1366 4248 in

338 4290 404 4362 illo
428 4314 549 4363 omnes
576 4287 743 4362 nationes
773 4297 911 4361 terroe:
937 4287 1015 4360 acio
1032 4287 1126 4359 enim
1146 4286 1248 4384 quod
1263 4311 1368 4387 prce-
