2926 4980
383 388 436 441 ou
453 389 645 442 emmanu
665 390 932 445 caursmsus.
1097 376 1165 442 331

131 556 309 629 naturalis
336 569 403 644 est,
422 581 505 629 cum
532 581 630 629 mors
659 571 696 630 et
725 558 872 631 miseria
894 557 1037 655 punitio
1059 556 1171 630 firerit
1205 588 1358 641 xxxv111,

130 680 377 765 peccatorum,
395 682 438 740 ut
460 670 624 742 remissio
647 682 882 765 peecatorum
905 671 1056 744 abolitio
1077 682 1172 743 esset
1184 671 1383 800 Dfflm

132 782 259 855 mortis
277 795 315 854 et
332 783 571 871 miseriarum,
586 796 623 856 et
639 785 797 879 proinde
811 784 969 874 salvari,
984 797 1021 859 et
1032 809 1172 881 pecca·
1185 822 1252 865 quam
1265 806 1382 880 manta

134 905 174 967 ta
199 895 273 968 sibi
302 896 456 986 remitti,
477 897 604 969 eadem
628 921 687 970 res
714 899 789 982 sit;
815 912 853 972 et
873 900 919 972 ab
948 900 1018 972 hac
1045 872 1384 991 remis-ffllff

133 1010 233 1081 sione
262 1021 497 1104 peccatorum
524 1033 590 1106 per
620 1021 774 1083 mortem
806 1011 941 1084 Christi
975 1022 1042 1100 est,
1074 1009 1173 1107 quod

134 1123 319 1196 Christum
333 1123 556 1218 appellemus
572 1122 811 1196 Servatorem
828 1136 1006 1198 nostrum.

184 1236 238 1308 De
255 1236 515 1309 salvationibus
536 1236 764 1331 specialibus,
788 1236 913 1333 quales
933 1249 1020 1310 sunt
1038 1235 1173 1308 intelli-

134 1349 265 1444 gendae
299 1358 313 1421 l
337 1349 434 1421 Sam.
453 1348 524 1420 xiv.
546 1357 605 1438 39,
635 1348 698 1420 uhi
723 1349 823 1422 Deus
854 1349 1009 1422 salvasse
1039 1348 1174 1421 dicitur

134 1462 314 1534 Israelitas
327 1463 373 1533 ab
387 1461 552 1534 hostibus
567 1463 641 1534 suis
655 1462 849 1536 Philistaeis
862 1492 871 1545 ;
885 1474 924 1535 et
936 1471 958 1535 2
974 1462 1071 1535 Sam.
1085 1462 1173 1534 xxii.

133 1583 178 1646 2:
194 1572 500 1669 Domiaaspetra
518 1598 609 1662 mea,
621 1582 658 1645 et
674 1572 789 1646 robur
807 1598 932 1662 meam,
950 1583 987 1645 et
1004 1573 1175 1646 salvmor

134 1711 247 1768 areas·
262 1701 300 1759 et
313 1697 334 1759 2
347 1687 438 1781 Reg.
449 1686 525 1758 xiii.
538 1695 577 1759 5:
589 1697 626 1759 et
639 1687 746 1759 dedit
757 1687 938 1760 Dominus
948 1685 1175 1760 salvatorem

134 1798 288 1886 Israeli,
306 1811 344 1872 et
364 1800 549 1872 liberatas
566 1810 624 1872 est
641 1800 687 1872 cle
704 1826 814 1874 mana
831 1800 938 1897 regis
956 1798 1110 1896 Syria:
1136 1817 1175 1873 et

133 1913 179 1985 de
207 1913 395 2003 similibus
413 1924 455 1985 ut
485 1914 613 2007 loquar
640 1937 713 1987 non
738 1925 795 1987 est
817 1937 919 2009 opus.
971 1913 1068 1985 Nam
1091 1914 1173 1987 loca

133 2027 225 2111 haec,
235 2051 354 2122 neque
372 2027 509 2099 habent
527 2025 789 2115 difficultatem,
804 2049 923 2122 neque
941 2037 1109 2122 spectant
1126 2027 1174 2099 ad

134 2139 342 2212 institutum
361 2151 536 2212 nostrum.

185 2253 258 2324 Sed
276 2252 320 2324 de
338 2253 420 2325 loco
446 2251 655 2324 salvationis
683 2251 899 2324 universalis
927 2251 1090 2325 fidelium
1107 2251 1174 2323 ho-

135 2365 273 2437 minum
291 2366 328 2436 in
343 2388 457 2460 regno
472 2364 623 2452 coelesti,
636 2362 829 2436 difficultas
842 2387 976 2459 magna
989 2377 1056 2438 est.
1076 2363 1170 2437 Cum

135 2479 233 2551 enim
256 2501 409 2573 regnum
428 2477 574 2549 eoeleste
593 2475 721 2549 civitas
738 2476 798 2561 sit,
821 2477 867 2549 ab
885 2477 1093 2551 hominibus
1114 2502 1170 2551 se-

135 2591 301 2663 curitatis
327 2614 437 2662 eausa
455 2600 584 2661 contra
601 2589 726 2661 hostes
744 2589 925 2679 instituta,
943 2589 1086 2663 videtur
1104 2592 1172 2664 sal-

137 2705 233 2776 vatio
257 2715 386 2776 contra
402 2704 526 2775 hostes
544 2702 676 2774 debere
695 2726 772 2775 esse
789 2702 828 2774 in
846 2715 955 2776 terra.
1018 2703 1086 2775 Per
1103 2704 1173 2776 sal-

136 2818 320 2889 vationem
333 2816 430 2888 enim
444 2815 608 2888 innuitur
622 2839 776 2911 regnum
794 2816 889 2888 illius
904 2817 1000 2912 regis
1015 2817 1171 2889 coelestis

135 2953 201 3025 per
213 2931 415 3018 victoriam,
427 2953 500 3002 non
515 2929 745 3002 incolumitas
755 2953 821 3025 per
831 2929 968 3025 fugam.
997 2930 1069 3004 Ubi
1081 2953 1169 3026 ergo

135 3045 289 3116 salutem
303 3044 401 3116 illam
415 3056 660 3139 expectamus
678 3055 911 3141 expectamus
922 3044 1148 3139 triumphum
1161 3075 1171 3129 ;

136 3170 173 3230 et
199 3171 285 3229 ante
309 3156 546 3252 triumphum,
569 3157 785 3241 victoriam3
811 3168 849 3230 et
865 3168 951 3230 ante
967 3157 1171 3245 victoriam,

135 3270 319 3365 praelium3
335 3294 416 3365 quae
426 3295 501 3344 non
511 3271 618 3344 facile
632 3272 788 3368 supponi
799 3284 951 3368 possunt
961 3270 1086 3344 futura
1095 3293 1173 3342 esse

136 3385 174 3455 in
202 3384 306 3456 coelo.
359 3383 556 3456 Videamus
574 3396 695 3456 autem
714 3384 760 3457 de
784 3384 853 3457 hac
869 3407 909 3456 re
935 3383 1024 3479 quid
1050 3384 1174 3457 dicant

137 3496 336 3592 Scripturae
349 3496 491 3568 Sacrae:
509 3497 591 3569 lsai.
606 3497 730 3570 xxxiii.
743 3503 874 3572 20-24:
893 3497 1057 3594 Respice
1065 3496 1172 3586 Zion,

137 3609 323 3681 civitatem
340 3607 588 3682 solemnitatis
605 3619 768 3692 mastroe;
795 3609 894 3683 oculi
919 3611 975 3682 lai
999 3608 1174 3683 uidebant

136 3722 349 3795 Jerusalem
371 3719 636 3794 lmbitationem
652 3721 874 3820 opulentam,
894 3721 1174 3795 tabernaculam

136 3834 1173 3933 qaodrreqaaqaamtraafferripoterimaecaafereatur

137 3946 235 4020 clavi
254 3949 333 4043 ejas
352 3947 390 4018 ia
407 3947 681 4044 sempiternam,
701 3958 738 4021 et
761 3972 881 4021 ommes
893 3948 1066 4045 faaicali
1091 3950 1172 4043 ejas

137 4084 208 4132 aaa
237 4069 466 4157 rumperetur.
522 4060 618 4145 Quia
636 4061 858 4133 solummodo
879 4059 932 4132 ibi
952 4062 1173 4158 magnificus

137 4182 194 4244 est
205 4172 385 4244 Dominae
397 4182 523 4244 moster
530 4199 543 4256 ;
558 4172 884 4267 locasflaoioram;
900 4172 973 4244 rici
983 4173 1171 4264 latissimi,

137 4295 175 4358 et
194 4295 405 4383 patentes;
432 4309 502 4358 aaa
529 4286 707 4360 transibit
725 4309 803 4385 per
829 4311 909 4358 eam
936 4287 1042 4360 mauis
1064 4290 1173 4362 remi·
