2926 4980
306 362 380 429 390
547 378 603 430 uu
623 378 818 431 ervmnru
838 380 1107 434 curusmuun.

105 576 180 625 erp,
195 576 281 627 xm,
305 544 502 617 habuisset.
565 548 821 620 successorem
855 559 979 620 tamen
1015 572 1121 621 suum
1155 548 1357 645 episcopus

119 660 270 776 m
308 659 496 732 Romanus
527 683 715 755 nunquam
746 661 869 756 elegit,
896 662 961 735 sed
987 663 1146 736 civitatis
1172 662 1356 736 Romanae

118 784 270 828 ‘celadum
308 771 507 846 Christiani
524 805 533 856 ;
562 786 602 847 ut
626 775 859 848 manifestum
877 791 933 849 est
951 801 994 849 ex
1014 777 1194 850 seditione
1211 788 1299 851 orta
1316 778 1356 850 in

308 886 489 959 electione
515 887 665 961 Damasi
690 912 767 984 prae
793 889 940 977 Ursino,
959 913 1042 984 quae
1065 902 1169 962 tenta
1193 902 1288 979 eret,
1313 903 1356 963 ut

306 1000 502 1096 praefectus
520 1001 633 1089 urbis,
651 1025 734 1074 cum
762 1026 890 1097 pacem
915 1002 1011 1075 inter
1034 1002 1115 1076 illos
1131 1027 1356 1077 conservare

307 1124 460 1185 conatus
487 1113 625 1186 frustra
650 1127 757 1202 esset,
776 1115 875 1187 exire
894 1139 914 1187 e
932 1115 1081 1190 civitate
1106 1131 1257 1189 coactus
1282 1130 1354 1206 est,

308 1227 437 1299 occisis
451 1227 489 1299 in
503 1226 565 1298 illa
579 1227 760 1300 seditione
771 1227 965 1323 plusquam
978 1240 1127 1301 centum
1140 1229 1355 1304 hominibus

307 1340 346 1412 in
376 1341 529 1412 ecclesia
557 1341 647 1435 ipse.
709 1341 757 1413 Et
785 1355 924 1437 postea,
951 1365 1159 1438 quanquam
1186 1342 1355 1440 episcopi

307 1453 465 1525 Romani
483 1454 717 1548 eligerentur,
731 1455 849 1550 primo
867 1479 889 1528 a
903 1455 1001 1528 clero
1016 1456 1196 1544 Romano,
1215 1453 1354 1529 deinde

307 1591 329 1638 a
347 1566 613 1650 cardinalibus;
641 1568 687 1641 ab
705 1570 998 1642 antecessoribus
1025 1582 1149 1642 tamen
1166 1570 1354 1666 episcopis

307 1703 496 1775 nunquam
514 1680 620 1752 electi
639 1695 755 1753 erant.
810 1682 993 1756 Quoniam
1011 1707 1099 1778 ergo
1117 1706 1353 1758 successores

307 1817 392 1866 suos
425 1793 617 1889 pontifices
653 1794 811 1867 Romani
851 1796 986 1891 eligere
1024 1820 1098 1867 non
1133 1807 1352 1892 potuertmt,

306 1907 568 1980 multominus
593 1921 745 2004 potuere
772 1933 1000 1983 successores
1026 1910 1181 1982 aliorum
1206 1910 1353 2006 episco-

305 2044 437 2117 porum
465 2021 702 2110 constituere,
729 2022 807 2095 sinc
834 2023 1060 2096 authoritate
1085 2025 1131 2096 eb
1160 2023 1223 2095 illo
1251 2022 1351 2097 deri-

305 2145 403 2222 vata,
419 2134 481 2231 qui
499 2135 537 2207 in
555 2135 747 2208 ecclesiam
761 2137 822 2231 jus
840 2136 969 2208 habuit
987 2134 1203 2232 imperandi,
1222 2136 1261 2209 id
1279 2148 1351 2223 est,

306 2249 384 2321 sine
401 2249 625 2322 authoritate
643 2249 751 2322 civili.

356 2362 548 2450 Minister,
567 2364 693 2436 Graece
711 2362 869 2451 διάκονος,
888 2363 991 2435 illum
1009 2363 1191 2458 significat
1208 2364 1272 2460 qui
1290 2388 1351 2437 res

306 2476 381 2572 agit
399 2475 558 2548 hominis
573 2476 743 2557 alterius;
772 2475 895 2548 differt
907 2487 1029 2548 autem
1047 2501 1070 2548 a
1086 2500 1191 2549 servo
1208 2477 1247 2549 iu
1264 2478 1348 2567 hoc,

306 2589 406 2683 quod
422 2589 518 2660 servi
543 2589 722 2684 imperata
747 2589 979 2661 dominorum
997 2589 1119 2661 facere
1137 2590 1349 2686 obligantur
1417 2611 1422 2623 ·

305 2703 384 2797 ipsa
400 2702 586 2774 servitutis
605 2703 839 2786 conditione3
867 2703 1022 2775 ministri
1050 2717 1173 2775 autem
1201 2728 1243 2776 eo
1270 2705 1349 2777 solo

305 2816 526 2911 obligantur,
546 2816 645 2910 quod
675 2818 914 2912 susceperint,
941 2839 1059 2910 neque
1087 2816 1187 2889 aliud
1213 2818 1348 2907 facere,

305 2953 415 3024 quam
427 2930 527 3025 quod
545 2943 796 3025 susceperuut,
808 2931 1028 3025 obligantur.
1080 2931 1209 3025 ltaque
1228 2945 1265 3003 et
1283 2932 1348 3020 illi,

305 3043 367 3137 qui
385 3044 537 3114 verbum
565 3042 632 3114 Dei
650 3043 864 3138 praedicant,
884 3055 921 3115 et
946 3042 1009 3127 illi,
1029 3044 1091 3138 qui
1109 3043 1272 3117 ecclesiae
1291 3069 1347 3118 se-

304 3156 442 3228 cularia
455 3155 724 3244 administrant,
736 3157 843 3228 ambo
859 3156 1016 3229 ministri
1035 3168 1132 3247 sunt,
1148 3157 1212 3231 sed
1230 3158 1347 3231 diver-

304 3292 426 3342 sarum
457 3293 695 3365 personarum
728 3270 894 3342 ministri.
958 3270 1126 3343 Pastores
1157 3273 1254 3344 enim
1283 3275 1346 3368 qui

302 3395 483 3456 vocantur
500 3383 598 3475 (Act.
610 3382 658 3455 vi.
673 3384 713 3474 4)
730 3383 892 3455 ministri
909 3383 1024 3471 verbi,
1038 3384 1176 3457 Christi
1187 3386 1346 3459 ministri

303 3506 402 3582 sunt,
421 3497 525 3591 cujus
545 3495 698 3566 verbum
725 3495 949 3590 praedicaut:
978 3497 1043 3570 sed
1074 3497 1250 3570 diaconus
1277 3500 1345 3571 mi-

303 3609 419 3681 nister
436 3624 491 3680 est
509 3607 683 3695 ecclesiae,
702 3621 741 3679 et
761 3608 1002 3680 ministerium
1022 3613 1100 3706 ejus
1117 3611 1216 3704 (Act.
1237 3612 1283 3684 vi.
1302 3615 1342 3704 2)

303 3733 358 3793 est
369 3721 587 3794 ministrare
599 3722 746 3793 mensis.
779 3723 908 3817 ltaque
923 3722 968 3795 de
981 3737 1131 3819 pastore
1145 3749 1211 3799 suo
1222 3749 1343 3817 nemo,

301 3858 420 3929 neque
449 3834 603 3907 ecclesia
629 3834 719 3929 ipsa,
745 3834 868 3907 dicere
893 3838 1015 3931 potuit
1047 3839 1147 3933 quod
1175 3840 1343 3913 minister

302 3972 389 4020 suus
407 3961 525 4030 esset;
553 3947 616 4019 sed
639 3947 684 4018 de
703 3947 859 4021 diacono
878 3962 1034 4037 tantum,
1054 3951 1116 4045 qui
1133 3953 1342 4026 ministrare

300 4062 447 4150 mensis,
461 4061 518 4132 vel
536 4060 764 4146 Christianis,
792 4085 876 4133 curn
889 4062 1054 4134 viverent
1070 4064 1108 4135 iu
1123 4087 1342 4161 unaquaque

301 4174 448 4247 civitate
478 4175 523 4246 de
555 4199 593 4247 rc
625 4175 821 4262 communi,
840 4176 1015 4249 alimenta
1033 4177 1264 4267 distribuere,
1283 4180 1342 4253 vel

299 4285 428 4362 domus
447 4289 651 4362 Dominicae
668 4288 725 4360 vel
744 4288 906 4364 ecclesiae
919 4290 1189 4385 possessionum
1211 4316 1337 4366 curam
