<?xml version="1.0" encoding="UTF-8"?>
<!DOCTYPE html PUBLIC "-//W3C//DTD XHTML 1.0 Transitional//EN"
    "http://www.w3.org/TR/xhtml1/DTD/xhtml1-transitional.dtd">
<html xmlns="http://www.w3.org/1999/xhtml" xml:lang="en" lang="en">
 <head>
  <title>
</title>
<meta http-equiv="Content-Type" content="text/html;charset=utf-8" />
  <meta name='ocr-system' content='tesseract 3.04.00' />
  <meta name='ocr-capabilities' content='ocr_page ocr_carea ocr_par ocr_line ocrx_word'/>
</head>
<body>
  <div class='ocr_page' id='page_1' title='image "./thomhobbesmalme02hobbgoog_0069.png"; bbox 0 0 2926 4980; ppageno 0'>
   <div class='ocr_carea' id='block_1_1' title="bbox 413 317 1056 388">
    <p class='ocr_par' dir='ltr' id='par_1_1' title="bbox 413 317 1056 388">
     <span class='ocr_line' id='line_1_1' title="bbox 413 317 1056 388; baseline -0.002 -1"><span class='ocrx_word' id='word_1_1' title='bbox 413 317 460 387; x_wconf 79' lang='lat'>5&#39;6</span> <span class='ocrx_word' id='word_1_2' title='bbox 800 337 854 387; x_wconf 84' lang='lat' dir='ltr'>nn</span> <span class='ocrx_word' id='word_1_3' title='bbox 874 335 1056 388; x_wconf 79' lang='lat' dir='ltr'>uourun.</span> 
     </span>
    </p>
   </div>
   <div class='ocr_carea' id='block_1_2' title="bbox 216 501 1449 600">
    <p class='ocr_par' dir='ltr' id='par_1_2' title="bbox 216 501 1449 600">
     <span class='ocr_line' id='line_1_2' title="bbox 216 501 1449 600; baseline -0.002 -25"><span class='ocrx_word' id='word_1_4' title='bbox 216 534 293 584; x_wconf 57' lang='lat' dir='ltr'>cap,</span> <span class='ocrx_word' id='word_1_5' title='bbox 306 535 380 584; x_wconf 76' lang='lat' dir='ltr'>v111.</span> <span class='ocrx_word' id='word_1_6' title='bbox 411 501 465 575; x_wconf 89' lang='lat' dir='ltr'>rei</span> <span class='ocrx_word' id='word_1_7' title='bbox 489 501 686 597; x_wconf 91' lang='lat' dir='ltr'>aliquando</span> <span class='ocrx_word' id='word_1_8' title='bbox 703 514 772 593; x_wconf 88' lang='lat' dir='ltr'>est,</span> <span class='ocrx_word' id='word_1_9' title='bbox 791 503 890 600; x_wconf 88' lang='lat' dir='ltr'>quod</span> <span class='ocrx_word' id='word_1_10' title='bbox 917 503 1141 599; x_wconf 85' lang='lat' dir='ltr'>experientia</span> <span class='ocrx_word' id='word_1_11' title='bbox 1164 514 1313 577; x_wconf 83' lang='lat' dir='ltr'>careant</span> <span class='ocrx_word' id='word_1_12' title='bbox 1329 502 1393 590; x_wconf 82' lang='lat' dir='ltr'>ita,</span> <span class='ocrx_word' id='word_1_13' title='bbox 1406 511 1449 572; x_wconf 92' lang='lat' dir='ltr'>ut</span> 
     </span>
    </p>
   </div>
   <div class='ocr_carea' id='block_1_3' title="bbox 228 617 371 651">
    <p class='ocr_par' dir='ltr' id='par_1_3' title="bbox 228 617 371 651">
     <span class='ocr_line' id='line_1_3' title="bbox 228 617 371 651; baseline 0 0"><span class='ocrx_word' id='word_1_14' title='bbox 228 617 371 651; x_wconf 48' lang='lat' dir='ltr'>v-eu</span> 
     </span>
    </p>
   </div>
   <div class='ocr_carea' id='block_1_4' title="bbox 199 678 362 722">
    <p class='ocr_par' dir='ltr' id='par_1_4' title="bbox 199 678 362 722">
     <span class='ocr_line' id='line_1_4' title="bbox 199 678 362 722; baseline 0.006 -1"><span class='ocrx_word' id='word_1_15' title='bbox 199 678 234 721; x_wconf 81' lang='lat' dir='ltr'>Dc</span> <span class='ocrx_word' id='word_1_16' title='bbox 244 678 362 722; x_wconf 77' lang='lat' dir='ltr'>virtutibus</span> 
     </span>
    </p>
   </div>
   <div class='ocr_carea' id='block_1_5' title="bbox 199 742 385 788">
    <p class='ocr_par' dir='ltr' id='par_1_5' title="bbox 199 742 385 788">
     <span class='ocr_line' id='line_1_5' title="bbox 199 742 385 788; baseline 0.011 -2"><span class='ocrx_word' id='word_1_17' title='bbox 199 742 385 788; x_wconf 72' lang='lat' dir='ltr'>intellectualibus</span> 
     </span>
    </p>
   </div>
   <div class='ocr_carea' id='block_1_6' title="bbox 198 808 362 930">
    <p class='ocr_par' dir='ltr' id='par_1_6' title="bbox 198 808 362 930">
     <span class='ocr_line' id='line_1_6' title="bbox 198 808 362 867; baseline 0.012 -16"><span class='ocrx_word' id='word_1_18' title='bbox 198 808 362 867; x_wconf 72' lang='lat' dir='ltr'>defectibusque</span> 
     </span>
     <span class='ocr_line' id='line_1_7' title="bbox 199 873 309 930; baseline 0 -12"><span class='ocrx_word' id='word_1_19' title='bbox 199 873 309 930; x_wconf 70' lang='lat' dir='ltr'>opposlb&#39;a</span> 
     </span>
    </p>
   </div>
   <div class='ocr_carea' id='block_1_7' title="bbox 411 614 1449 712">
    <p class='ocr_par' dir='ltr' id='par_1_7' title="bbox 411 614 1449 712">
     <span class='ocr_line' id='line_1_8' title="bbox 411 614 1449 712; baseline -0.001 -25"><span class='ocrx_word' id='word_1_20' title='bbox 411 614 579 688; x_wconf 88' lang='lat' dir='ltr'>videatur</span> <span class='ocrx_word' id='word_1_21' title='bbox 591 615 661 687; x_wconf 90' lang='lat' dir='ltr'>sibi</span> <span class='ocrx_word' id='word_1_22' title='bbox 683 640 820 689; x_wconf 91' lang='lat' dir='ltr'>novum</span> <span class='ocrx_word' id='word_1_23' title='bbox 837 628 875 690; x_wconf 89' lang='lat' dir='ltr'>et</span> <span class='ocrx_word' id='word_1_24' title='bbox 891 616 1044 712; x_wconf 87' lang='lat' dir='ltr'>dignum</span> <span class='ocrx_word' id='word_1_25' title='bbox 1067 616 1178 705; x_wconf 89' lang='lat' dir='ltr'>dictu,</span> <span class='ocrx_word' id='word_1_26' title='bbox 1197 617 1236 690; x_wconf 94' lang='lat' dir='ltr'>id</span> <span class='ocrx_word' id='word_1_27' title='bbox 1253 615 1354 712; x_wconf 90' lang='lat' dir='ltr'>quod</span> <span class='ocrx_word' id='word_1_28' title='bbox 1370 614 1449 687; x_wconf 86' lang='lat' dir='ltr'>aliis</span> 
     </span>
    </p>
   </div>
   <div class='ocr_carea' id='block_1_8' title="bbox 395 728 1448 826">
    <p class='ocr_par' dir='ltr' id='par_1_8' title="bbox 395 728 1448 826">
     <span class='ocr_line' id='line_1_9' title="bbox 395 728 1448 826; baseline 0.004 -31"><span class='ocrx_word' id='word_1_29' title='bbox 395 728 576 812; x_wconf 81' lang='lat' dir='ltr'>;vilescit;</span> <span class='ocrx_word' id='word_1_30' title='bbox 611 729 669 801; x_wconf 94' lang='lat' dir='ltr'>vel</span> <span class='ocrx_word' id='word_1_31' title='bbox 696 754 871 826; x_wconf 90' lang='lat' dir='ltr'>magnum</span> <span class='ocrx_word' id='word_1_32' title='bbox 901 728 982 816; x_wconf 89' lang='lat' dir='ltr'>sibi,</span> <span class='ocrx_word' id='word_1_33' title='bbox 1013 730 1112 826; x_wconf 90' lang='lat' dir='ltr'>quod</span> <span class='ocrx_word' id='word_1_34' title='bbox 1139 731 1219 803; x_wconf 90' lang='lat' dir='ltr'>aliis</span> <span class='ocrx_word' id='word_1_35' title='bbox 1245 754 1318 802; x_wconf 90' lang='lat' dir='ltr'>non</span> <span class='ocrx_word' id='word_1_36' title='bbox 1347 731 1448 802; x_wconf 91' lang='lat' dir='ltr'>item.</span> 
     </span>
    </p>
   </div>
   <div class='ocr_carea' id='block_1_9' title="bbox 411 842 1458 4333">
    <p class='ocr_par' dir='ltr' id='par_1_9' title="bbox 411 842 1448 1163">
     <span class='ocr_line' id='line_1_10' title="bbox 415 842 1448 939; baseline -0.002 -25"><span class='ocrx_word' id='word_1_37' title='bbox 415 842 511 914; x_wconf 89' lang='lat' dir='ltr'>Nam</span> <span class='ocrx_word' id='word_1_38' title='bbox 534 842 709 938; x_wconf 92' lang='lat' dir='ltr'>quicquid</span> <span class='ocrx_word' id='word_1_39' title='bbox 731 866 880 931; x_wconf 91' lang='lat' dir='ltr'>novum,</span> <span class='ocrx_word' id='word_1_40' title='bbox 899 866 1085 938; x_wconf 92' lang='lat' dir='ltr'>magnum,</span> <span class='ocrx_word' id='word_1_41' title='bbox 1104 855 1142 917; x_wconf 89' lang='lat' dir='ltr'>et</span> <span class='ocrx_word' id='word_1_42' title='bbox 1168 843 1272 916; x_wconf 90' lang='lat' dir='ltr'>dictu</span> <span class='ocrx_word' id='word_1_43' title='bbox 1295 842 1448 939; x_wconf 89' lang='lat' dir='ltr'>dignum</span> 
     </span>
     <span class='ocr_line' id='line_1_11' title="bbox 411 954 1446 1039; baseline -0.001 -12"><span class='ocrx_word' id='word_1_44' title='bbox 411 965 479 1039; x_wconf 89' lang='lat' dir='ltr'>est,</span> <span class='ocrx_word' id='word_1_45' title='bbox 497 954 673 1027; x_wconf 89' lang='lat' dir='ltr'>seducere</span> <span class='ocrx_word' id='word_1_46' title='bbox 693 954 860 1028; x_wconf 89' lang='lat' dir='ltr'>homines</span> <span class='ocrx_word' id='word_1_47' title='bbox 888 955 934 1027; x_wconf 87' lang='lat' dir='ltr'>ab</span> <span class='ocrx_word' id='word_1_48' title='bbox 958 954 1127 1028; x_wconf 88' lang='lat' dir='ltr'>instituta</span> <span class='ocrx_word' id='word_1_49' title='bbox 1156 956 1334 1030; x_wconf 89' lang='lat' dir='ltr'>sermonis</span> <span class='ocrx_word' id='word_1_50' title='bbox 1352 955 1446 1029; x_wconf 90' lang='lat' dir='ltr'>serie</span> 
     </span>
     <span class='ocr_line' id='line_1_12' title="bbox 412 1069 629 1163; baseline 0.005 -23"><span class='ocrx_word' id='word_1_51' title='bbox 412 1090 508 1163; x_wconf 86' lang='lat' dir='ltr'>saepe</span> <span class='ocrx_word' id='word_1_52' title='bbox 525 1069 629 1142; x_wconf 89' lang='lat' dir='ltr'>solet.</span> 
     </span>
    </p>

    <p class='ocr_par' dir='ltr' id='par_1_10' title="bbox 411 1181 1452 1709">
     <span class='ocr_line' id='line_1_13' title="bbox 462 1181 1450 1279; baseline -0.001 -25"><span class='ocrx_word' id='word_1_53' title='bbox 462 1181 583 1254; x_wconf 90' lang='lat' dir='ltr'>Poetis</span> <span class='ocrx_word' id='word_1_54' title='bbox 601 1181 640 1254; x_wconf 91' lang='lat' dir='ltr'>in</span> <span class='ocrx_word' id='word_1_55' title='bbox 657 1204 879 1277; x_wconf 90' lang='lat' dir='ltr'>unoquoque</span> <span class='ocrx_word' id='word_1_56' title='bbox 891 1204 1025 1276; x_wconf 87' lang='lat' dir='ltr'>genere</span> <span class='ocrx_word' id='word_1_57' title='bbox 1038 1183 1158 1279; x_wconf 89' lang='lat' dir='ltr'>operis</span> <span class='ocrx_word' id='word_1_58' title='bbox 1175 1193 1255 1256; x_wconf 92' lang='lat' dir='ltr'>tum</span> <span class='ocrx_word' id='word_1_59' title='bbox 1268 1181 1450 1279; x_wconf 89' lang='lat' dir='ltr'>judicium</span> 
     </span>
     <span class='ocr_line' id='line_1_14' title="bbox 411 1294 1451 1391; baseline 0.001 -24"><span class='ocrx_word' id='word_1_60' title='bbox 411 1305 491 1367; x_wconf 92' lang='lat' dir='ltr'>tum</span> <span class='ocrx_word' id='word_1_61' title='bbox 524 1294 719 1391; x_wconf 84' lang='lat' dir='ltr'>phantasia</span> <span class='ocrx_word' id='word_1_62' title='bbox 743 1294 962 1391; x_wconf 90' lang='lat' dir='ltr'>requiritnv;</span> <span class='ocrx_word' id='word_1_63' title='bbox 999 1296 1158 1369; x_wconf 86' lang='lat' dir='ltr'>eminere</span> <span class='ocrx_word' id='word_1_64' title='bbox 1185 1308 1310 1369; x_wconf 82' lang='lat' dir='ltr'>tamen</span> <span class='ocrx_word' id='word_1_65' title='bbox 1341 1295 1451 1368; x_wconf 90' lang='lat' dir='ltr'>debet</span> 
     </span>
     <span class='ocr_line' id='line_1_15' title="bbox 411 1408 1452 1506; baseline 0 -25"><span class='ocrx_word' id='word_1_66' title='bbox 411 1408 616 1503; x_wconf 84' lang='lat' dir='ltr'>phantasia,</span> <span class='ocrx_word' id='word_1_67' title='bbox 634 1410 721 1505; x_wconf 86' lang='lat' dir='ltr'>quia</span> <span class='ocrx_word' id='word_1_68' title='bbox 742 1409 889 1504; x_wconf 89' lang='lat' dir='ltr'>placent</span> <span class='ocrx_word' id='word_1_69' title='bbox 913 1420 1084 1504; x_wconf 80' lang='lat' dir='ltr'>poemata</span> <span class='ocrx_word' id='word_1_70' title='bbox 1100 1410 1284 1506; x_wconf 84' lang='lat' dir='ltr'>praecipue</span> <span class='ocrx_word' id='word_1_71' title='bbox 1300 1419 1452 1505; x_wconf 91' lang='lat' dir='ltr'>propter</span> 
     </span>
     <span class='ocr_line' id='line_1_16' title="bbox 412 1521 1452 1619; baseline 0 -25"><span class='ocrx_word' id='word_1_72' title='bbox 412 1521 635 1607; x_wconf 81' lang='lat' dir='ltr'>novitatem3</span> <span class='ocrx_word' id='word_1_73' title='bbox 662 1521 855 1618; x_wconf 84' lang='lat' dir='ltr'>displicere</span> <span class='ocrx_word' id='word_1_74' title='bbox 870 1532 993 1595; x_wconf 89' lang='lat' dir='ltr'>autem</span> <span class='ocrx_word' id='word_1_75' title='bbox 1009 1546 1084 1595; x_wconf 93' lang='lat' dir='ltr'>non</span> <span class='ocrx_word' id='word_1_76' title='bbox 1102 1522 1238 1596; x_wconf 90' lang='lat' dir='ltr'>debent</span> <span class='ocrx_word' id='word_1_77' title='bbox 1254 1546 1321 1619; x_wconf 90' lang='lat' dir='ltr'>per</span> <span class='ocrx_word' id='word_1_78' title='bbox 1337 1522 1452 1595; x_wconf 90' lang='lat' dir='ltr'>indis-</span> 
     </span>
     <span class='ocr_line' id='line_1_17' title="bbox 413 1635 626 1709; baseline -0.005 -1"><span class='ocrx_word' id='word_1_79' title='bbox 413 1635 626 1709; x_wconf 90' lang='lat' dir='ltr'>cretionem.</span> 
     </span>
    </p>

    <p class='ocr_par' dir='ltr' id='par_1_11' title="bbox 413 1748 1452 2185">
     <span class='ocr_line' id='line_1_18' title="bbox 463 1748 1450 1846; baseline 0.002 -25"><span class='ocrx_word' id='word_1_80' title='bbox 463 1749 507 1821; x_wconf 90' lang='lat' dir='ltr'>In</span> <span class='ocrx_word' id='word_1_81' title='bbox 540 1748 697 1822; x_wconf 88' lang='lat' dir='ltr'>historia</span> <span class='ocrx_word' id='word_1_82' title='bbox 725 1749 890 1844; x_wconf 89' lang='lat' dir='ltr'>legitima</span> <span class='ocrx_word' id='word_1_83' title='bbox 919 1749 1079 1821; x_wconf 91' lang='lat' dir='ltr'>eminere</span> <span class='ocrx_word' id='word_1_84' title='bbox 1109 1749 1290 1846; x_wconf 75' lang='lat' dir='ltr'>Judicium</span> <span class='ocrx_word' id='word_1_85' title='bbox 1317 1748 1450 1833; x_wconf 88' lang='lat' dir='ltr'>debet;</span> 
     </span>
     <span class='ocr_line' id='line_1_19' title="bbox 413 1862 1452 1958; baseline 0 -23"><span class='ocrx_word' id='word_1_86' title='bbox 413 1863 500 1958; x_wconf 89' lang='lat' dir='ltr'>quia</span> <span class='ocrx_word' id='word_1_87' title='bbox 527 1862 645 1936; x_wconf 87' lang='lat' dir='ltr'>virtus</span> <span class='ocrx_word' id='word_1_88' title='bbox 675 1862 838 1936; x_wconf 85' lang='lat' dir='ltr'>historiae</span> <span class='ocrx_word' id='word_1_89' title='bbox 866 1862 906 1934; x_wconf 90' lang='lat' dir='ltr'>in</span> <span class='ocrx_word' id='word_1_90' title='bbox 936 1862 1121 1951; x_wconf 91' lang='lat' dir='ltr'>methodo,</span> <span class='ocrx_word' id='word_1_91' title='bbox 1151 1863 1191 1935; x_wconf 92' lang='lat' dir='ltr'>in</span> <span class='ocrx_word' id='word_1_92' title='bbox 1218 1862 1385 1951; x_wconf 84' lang='lat' dir='ltr'>veritate,</span> <span class='ocrx_word' id='word_1_93' title='bbox 1412 1862 1452 1934; x_wconf 91' lang='lat' dir='ltr'>in</span> 
     </span>
     <span class='ocr_line' id='line_1_20' title="bbox 413 1974 1452 2071; baseline -0.001 -23"><span class='ocrx_word' id='word_1_94' title='bbox 413 1974 592 2048; x_wconf 89' lang='lat' dir='ltr'>electione</span> <span class='ocrx_word' id='word_1_95' title='bbox 618 1974 886 2047; x_wconf 89' lang='lat' dir='ltr'>narrandorum</span> <span class='ocrx_word' id='word_1_96' title='bbox 911 1975 1098 2059; x_wconf 82' lang='lat' dir='ltr'>consistit3</span> <span class='ocrx_word' id='word_1_97' title='bbox 1125 1998 1244 2071; x_wconf 91' lang='lat' dir='ltr'>neque</span> <span class='ocrx_word' id='word_1_98' title='bbox 1266 1974 1369 2048; x_wconf 86' lang='lat' dir='ltr'>locus</span> <span class='ocrx_word' id='word_1_99' title='bbox 1391 1974 1452 2049; x_wconf 90' lang='lat' dir='ltr'>hio</span> 
     </span>
     <span class='ocr_line' id='line_1_21' title="bbox 413 2088 1441 2185; baseline -0.001 -24"><span class='ocrx_word' id='word_1_100' title='bbox 413 2099 469 2161; x_wconf 90' lang='lat' dir='ltr'>est</span> <span class='ocrx_word' id='word_1_101' title='bbox 485 2088 700 2184; x_wconf 72' lang='lat' dir='ltr'>phantasiae,</span> <span class='ocrx_word' id='word_1_102' title='bbox 717 2099 963 2185; x_wconf 69' lang='lat' dir='ltr'>praeterquam</span> <span class='ocrx_word' id='word_1_103' title='bbox 981 2089 1019 2161; x_wconf 94' lang='lat' dir='ltr'>in</span> <span class='ocrx_word' id='word_1_104' title='bbox 1037 2088 1202 2161; x_wconf 88' lang='lat' dir='ltr'>ornanda</span> <span class='ocrx_word' id='word_1_105' title='bbox 1217 2088 1441 2161; x_wconf 91' lang='lat' dir='ltr'>narratione.</span> 
     </span>
    </p>

    <p class='ocr_par' dir='ltr' id='par_1_12' title="bbox 414 2201 1454 2841">
     <span class='ocr_line' id='line_1_22' title="bbox 464 2201 1454 2297; baseline 0 -23"><span class='ocrx_word' id='word_1_106' title='bbox 464 2203 508 2275; x_wconf 94' lang='lat' dir='ltr'>In</span> <span class='ocrx_word' id='word_1_107' title='bbox 535 2202 804 2275; x_wconf 85' lang='lat' dir='ltr'>laudationibus</span> <span class='ocrx_word' id='word_1_108' title='bbox 831 2214 870 2275; x_wconf 93' lang='lat' dir='ltr'>et</span> <span class='ocrx_word' id='word_1_109' title='bbox 899 2202 937 2275; x_wconf 93' lang='lat' dir='ltr'>in</span> <span class='ocrx_word' id='word_1_110' title='bbox 971 2202 1161 2275; x_wconf 85' lang='lat' dir='ltr'>invectivis</span> <span class='ocrx_word' id='word_1_111' title='bbox 1194 2201 1454 2297; x_wconf 87' lang='lat' dir='ltr'>praedominari</span> 
     </span>
     <span class='ocr_line' id='line_1_23' title="bbox 414 2315 1453 2412; baseline -0.002 -23"><span class='ocrx_word' id='word_1_112' title='bbox 414 2315 523 2389; x_wconf 87' lang='lat' dir='ltr'>debet</span> <span class='ocrx_word' id='word_1_113' title='bbox 549 2315 763 2412; x_wconf 82' lang='lat' dir='ltr'>phantasia3</span> <span class='ocrx_word' id='word_1_114' title='bbox 790 2315 877 2411; x_wconf 92' lang='lat' dir='ltr'>quia</span> <span class='ocrx_word' id='word_1_115' title='bbox 892 2338 959 2411; x_wconf 92' lang='lat' dir='ltr'>pro</span> <span class='ocrx_word' id='word_1_116' title='bbox 979 2316 1053 2388; x_wconf 88' lang='lat' dir='ltr'>fine</span> <span class='ocrx_word' id='word_1_117' title='bbox 1073 2315 1211 2388; x_wconf 85' lang='lat' dir='ltr'>habent</span> <span class='ocrx_word' id='word_1_118' title='bbox 1228 2339 1303 2387; x_wconf 88' lang='lat' dir='ltr'>non</span> <span class='ocrx_word' id='word_1_119' title='bbox 1320 2315 1453 2388; x_wconf 90' lang='lat' dir='ltr'>verita-</span> 
     </span>
     <span class='ocr_line' id='line_1_24' title="bbox 414 2428 1453 2525; baseline -0.001 -23"><span class='ocrx_word' id='word_1_120' title='bbox 414 2440 502 2518; x_wconf 91' lang='lat' dir='ltr'>tem,</span> <span class='ocrx_word' id='word_1_121' title='bbox 521 2428 586 2502; x_wconf 90' lang='lat' dir='ltr'>sed</span> <span class='ocrx_word' id='word_1_122' title='bbox 602 2429 749 2502; x_wconf 90' lang='lat' dir='ltr'>laudem</span> <span class='ocrx_word' id='word_1_123' title='bbox 766 2429 825 2502; x_wconf 92' lang='lat' dir='ltr'>vel</span> <span class='ocrx_word' id='word_1_124' title='bbox 841 2429 1086 2525; x_wconf 91' lang='lat' dir='ltr'>vituperium;</span> <span class='ocrx_word' id='word_1_125' title='bbox 1114 2452 1196 2525; x_wconf 87' lang='lat' dir='ltr'>quae</span> <span class='ocrx_word' id='word_1_126' title='bbox 1212 2429 1453 2524; x_wconf 88' lang='lat' dir='ltr'>perficiuntur</span> 
     </span>
     <span class='ocr_line' id='line_1_25' title="bbox 415 2540 1451 2639; baseline -0.002 -24"><span class='ocrx_word' id='word_1_127' title='bbox 415 2542 749 2639; x_wconf 89' lang='lat' dir='ltr'>comparationibus</span> <span class='ocrx_word' id='word_1_128' title='bbox 767 2542 970 2614; x_wconf 89' lang='lat' dir='ltr'>illustribus</span> <span class='ocrx_word' id='word_1_129' title='bbox 981 2540 1041 2614; x_wconf 91' lang='lat' dir='ltr'>vel</span> <span class='ocrx_word' id='word_1_130' title='bbox 1054 2540 1184 2613; x_wconf 89' lang='lat' dir='ltr'>vilibus</span> <span class='ocrx_word' id='word_1_131' title='bbox 1201 2541 1259 2613; x_wconf 94' lang='lat' dir='ltr'>vel</span> <span class='ocrx_word' id='word_1_132' title='bbox 1277 2540 1451 2614; x_wconf 89' lang='lat' dir='ltr'>ridiculis.</span> 
     </span>
     <span class='ocr_line' id='line_1_26' title="bbox 414 2654 1454 2751; baseline -0.001 -23"><span class='ocrx_word' id='word_1_133' title='bbox 414 2655 601 2728; x_wconf 88' lang='lat' dir='ltr'>Judioium</span> <span class='ocrx_word' id='word_1_134' title='bbox 626 2654 919 2728; x_wconf 87' lang='lat' dir='ltr'>circumstantias</span> <span class='ocrx_word' id='word_1_135' title='bbox 944 2665 1089 2727; x_wconf 87' lang='lat' dir='ltr'>tantum</span> <span class='ocrx_word' id='word_1_136' title='bbox 1116 2654 1291 2751; x_wconf 83' lang='lat' dir='ltr'>suggerit,</span> <span class='ocrx_word' id='word_1_137' title='bbox 1323 2655 1454 2751; x_wconf 89' lang='lat' dir='ltr'>quibus</span> 
     </span>
     <span class='ocr_line' id='line_1_27' title="bbox 417 2766 1218 2841; baseline -0.002 0"><span class='ocrx_word' id='word_1_138' title='bbox 417 2769 513 2841; x_wconf 90' lang='lat' dir='ltr'>actio</span> <span class='ocrx_word' id='word_1_139' title='bbox 531 2768 723 2841; x_wconf 89' lang='lat' dir='ltr'>laudabilis</span> <span class='ocrx_word' id='word_1_140' title='bbox 740 2768 799 2840; x_wconf 91' lang='lat' dir='ltr'>vel</span> <span class='ocrx_word' id='word_1_141' title='bbox 816 2767 1035 2840; x_wconf 86' lang='lat' dir='ltr'>illaudabilis</span> <span class='ocrx_word' id='word_1_142' title='bbox 1052 2766 1218 2840; x_wconf 88' lang='lat' dir='ltr'>eflicitur.</span> 
     </span>
    </p>

    <p class='ocr_par' dir='ltr' id='par_1_13' title="bbox 418 2879 1454 3202">
     <span class='ocr_line' id='line_1_28' title="bbox 467 2879 1454 2975; baseline -0.002 -21"><span class='ocrx_word' id='word_1_143' title='bbox 467 2882 511 2954; x_wconf 94' lang='lat' dir='ltr'>ln</span> <span class='ocrx_word' id='word_1_144' title='bbox 524 2881 718 2954; x_wconf 90' lang='lat' dir='ltr'>hortativis</span> <span class='ocrx_word' id='word_1_145' title='bbox 732 2892 769 2954; x_wconf 89' lang='lat' dir='ltr'>et</span> <span class='ocrx_word' id='word_1_146' title='bbox 783 2905 974 2954; x_wconf 90' lang='lat' dir='ltr'>cansarum</span> <span class='ocrx_word' id='word_1_147' title='bbox 988 2879 1221 2969; x_wconf 89' lang='lat' dir='ltr'>dictionibus,</span> <span class='ocrx_word' id='word_1_148' title='bbox 1235 2891 1346 2975; x_wconf 88' lang='lat' dir='ltr'>prout</span> <span class='ocrx_word' id='word_1_149' title='bbox 1359 2881 1454 2952; x_wconf 92' lang='lat' dir='ltr'>veri-</span> 
     </span>
     <span class='ocr_line' id='line_1_29' title="bbox 418 2993 1452 3089; baseline -0.001 -22"><span class='ocrx_word' id='word_1_150' title='bbox 418 3010 475 3067; x_wconf 83' lang='lat' dir='ltr'>tas</span> <span class='ocrx_word' id='word_1_151' title='bbox 501 2994 559 3065; x_wconf 90' lang='lat' dir='ltr'>vel</span> <span class='ocrx_word' id='word_1_152' title='bbox 584 2993 767 3067; x_wconf 92' lang='lat' dir='ltr'>simulatio</span> <span class='ocrx_word' id='word_1_153' title='bbox 790 2994 949 3067; x_wconf 86' lang='lat' dir='ltr'>maxime</span> <span class='ocrx_word' id='word_1_154' title='bbox 971 2993 1122 3066; x_wconf 86' lang='lat' dir='ltr'>inservit</span> <span class='ocrx_word' id='word_1_155' title='bbox 1144 2993 1300 3088; x_wconf 86' lang='lat' dir='ltr'>reiquae</span> <span class='ocrx_word' id='word_1_156' title='bbox 1318 2993 1452 3089; x_wconf 88' lang='lat' dir='ltr'>agitur,</span> 
     </span>
     <span class='ocr_line' id='line_1_30' title="bbox 418 3105 1353 3202; baseline -0.001 -23"><span class='ocrx_word' id='word_1_157' title='bbox 418 3107 471 3179; x_wconf 91' lang='lat' dir='ltr'>ita</span> <span class='ocrx_word' id='word_1_158' title='bbox 484 3105 662 3201; x_wconf 89' lang='lat' dir='ltr'>judicium</span> <span class='ocrx_word' id='word_1_159' title='bbox 679 3106 737 3178; x_wconf 88' lang='lat' dir='ltr'>vel</span> <span class='ocrx_word' id='word_1_160' title='bbox 754 3106 947 3201; x_wconf 89' lang='lat' dir='ltr'>phantasia</span> <span class='ocrx_word' id='word_1_161' title='bbox 962 3106 1119 3178; x_wconf 86' lang='lat' dir='ltr'>maxime</span> <span class='ocrx_word' id='word_1_162' title='bbox 1136 3105 1353 3202; x_wconf 87' lang='lat' dir='ltr'>postulatur.</span> 
     </span>
    </p>

    <p class='ocr_par' dir='ltr' id='par_1_14' title="bbox 417 3218 1458 4099">
     <span class='ocr_line' id='line_1_31' title="bbox 468 3218 1453 3308; baseline 0.001 -18"><span class='ocrx_word' id='word_1_163' title='bbox 468 3220 512 3291; x_wconf 91' lang='lat' dir='ltr'>ln</span> <span class='ocrx_word' id='word_1_164' title='bbox 536 3218 857 3308; x_wconf 89' lang='lat' dir='ltr'>demonstratione,</span> <span class='ocrx_word' id='word_1_165' title='bbox 875 3219 914 3292; x_wconf 93' lang='lat' dir='ltr'>in</span> <span class='ocrx_word' id='word_1_166' title='bbox 937 3219 1101 3308; x_wconf 89' lang='lat' dir='ltr'>oonsilio,</span> <span class='ocrx_word' id='word_1_167' title='bbox 1120 3232 1158 3292; x_wconf 90' lang='lat' dir='ltr'>et</span> <span class='ocrx_word' id='word_1_168' title='bbox 1182 3218 1221 3292; x_wconf 92' lang='lat' dir='ltr'>in</span> <span class='ocrx_word' id='word_1_169' title='bbox 1243 3218 1343 3292; x_wconf 89' lang='lat' dir='ltr'>omni</span> <span class='ocrx_word' id='word_1_170' title='bbox 1359 3219 1453 3291; x_wconf 90' lang='lat' dir='ltr'>veri-</span> 
     </span>
     <span class='ocr_line' id='line_1_32' title="bbox 417 3331 1454 3428; baseline -0.001 -23"><span class='ocrx_word' id='word_1_171' title='bbox 417 3333 504 3406; x_wconf 91' lang='lat' dir='ltr'>tatis</span> <span class='ocrx_word' id='word_1_172' title='bbox 527 3332 807 3428; x_wconf 86' lang='lat' dir='ltr'>investigatione</span> <span class='ocrx_word' id='word_1_173' title='bbox 833 3356 970 3422; x_wconf 86' lang='lat' dir='ltr'>severa,</span> <span class='ocrx_word' id='word_1_174' title='bbox 995 3331 1112 3405; x_wconf 90' lang='lat' dir='ltr'>solum</span> <span class='ocrx_word' id='word_1_175' title='bbox 1137 3332 1336 3428; x_wconf 88' lang='lat' dir='ltr'>requiritur</span> <span class='ocrx_word' id='word_1_176' title='bbox 1356 3332 1454 3427; x_wconf 91' lang='lat' dir='ltr'>judi-</span> 
     </span>
     <span class='ocr_line' id='line_1_33' title="bbox 419 3444 1456 3542; baseline -0.001 -23"><span class='ocrx_word' id='word_1_177' title='bbox 419 3448 537 3531; x_wconf 88' lang='lat' dir='ltr'>cium;</span> <span class='ocrx_word' id='word_1_178' title='bbox 564 3446 635 3519; x_wconf 92' lang='lat' dir='ltr'>nisi</span> <span class='ocrx_word' id='word_1_179' title='bbox 650 3445 748 3518; x_wconf 87' lang='lat' dir='ltr'>forte</span> <span class='ocrx_word' id='word_1_180' title='bbox 765 3445 960 3541; x_wconf 88' lang='lat' dir='ltr'>aliquando</span> <span class='ocrx_word' id='word_1_181' title='bbox 977 3444 1215 3519; x_wconf 88' lang='lat' dir='ltr'>similitudine</span> <span class='ocrx_word' id='word_1_182' title='bbox 1231 3445 1354 3542; x_wconf 90' lang='lat' dir='ltr'>aliqua</span> <span class='ocrx_word' id='word_1_183' title='bbox 1370 3456 1456 3541; x_wconf 91' lang='lat' dir='ltr'>apta</span> 
     </span>
     <span class='ocr_line' id='line_1_34' title="bbox 419 3557 1456 3655; baseline -0.003 -23"><span class='ocrx_word' id='word_1_184' title='bbox 419 3584 510 3655; x_wconf 91' lang='lat' dir='ltr'>opus</span> <span class='ocrx_word' id='word_1_185' title='bbox 534 3559 593 3647; x_wconf 89' lang='lat' dir='ltr'>sit,</span> <span class='ocrx_word' id='word_1_186' title='bbox 621 3574 663 3631; x_wconf 92' lang='lat' dir='ltr'>ut</span> <span class='ocrx_word' id='word_1_187' title='bbox 685 3559 722 3648; x_wconf 92' lang='lat' dir='ltr'>ii,</span> <span class='ocrx_word' id='word_1_188' title='bbox 747 3558 810 3654; x_wconf 92' lang='lat' dir='ltr'>qui</span> <span class='ocrx_word' id='word_1_189' title='bbox 835 3558 989 3631; x_wconf 89' lang='lat' dir='ltr'>audiunt</span> <span class='ocrx_word' id='word_1_190' title='bbox 1014 3557 1072 3630; x_wconf 93' lang='lat' dir='ltr'>vel</span> <span class='ocrx_word' id='word_1_191' title='bbox 1096 3557 1234 3654; x_wconf 86' lang='lat' dir='ltr'>legunt,</span> <span class='ocrx_word' id='word_1_192' title='bbox 1262 3557 1456 3631; x_wconf 90' lang='lat' dir='ltr'>dociliores</span> 
     </span>
     <span class='ocr_line' id='line_1_35' title="bbox 418 3670 1457 3767; baseline -0.002 -22"><span class='ocrx_word' id='word_1_193' title='bbox 418 3675 521 3745; x_wconf 89' lang='lat' dir='ltr'>fiant.</span> <span class='ocrx_word' id='word_1_194' title='bbox 575 3671 686 3746; x_wconf 80' lang='lat' dir='ltr'>Quod</span> <span class='ocrx_word' id='word_1_195' title='bbox 703 3682 826 3744; x_wconf 89' lang='lat' dir='ltr'>autem</span> <span class='ocrx_word' id='word_1_196' title='bbox 847 3671 895 3744; x_wconf 90' lang='lat' dir='ltr'>ad</span> <span class='ocrx_word' id='word_1_197' title='bbox 917 3670 1149 3767; x_wconf 88' lang='lat' dir='ltr'>metaphoras</span> <span class='ocrx_word' id='word_1_198' title='bbox 1167 3671 1313 3760; x_wconf 87' lang='lat' dir='ltr'>attinet,</span> <span class='ocrx_word' id='word_1_199' title='bbox 1333 3670 1457 3743; x_wconf 84' lang='lat' dir='ltr'>exclu-</span> 
     </span>
     <span class='ocr_line' id='line_1_36' title="bbox 419 3784 1458 3881; baseline -0.003 -22"><span class='ocrx_word' id='word_1_200' title='bbox 419 3786 548 3859; x_wconf 85' lang='lat' dir='ltr'>dendae</span> <span class='ocrx_word' id='word_1_201' title='bbox 565 3809 715 3881; x_wconf 86' lang='lat' dir='ltr'>prorsus</span> <span class='ocrx_word' id='word_1_202' title='bbox 733 3795 829 3857; x_wconf 86' lang='lat' dir='ltr'>sunt.</span> <span class='ocrx_word' id='word_1_203' title='bbox 881 3784 1077 3858; x_wconf 86' lang='lat' dir='ltr'>Fallaciam</span> <span class='ocrx_word' id='word_1_204' title='bbox 1090 3784 1187 3856; x_wconf 90' lang='lat' dir='ltr'>enim</span> <span class='ocrx_word' id='word_1_205' title='bbox 1200 3796 1328 3878; x_wconf 90' lang='lat' dir='ltr'>aperte</span> <span class='ocrx_word' id='word_1_206' title='bbox 1345 3785 1458 3879; x_wconf 91' lang='lat' dir='ltr'>proli-</span> 
     </span>
     <span class='ocr_line' id='line_1_37' title="bbox 418 3895 1457 3993; baseline -0.004 -21"><span class='ocrx_word' id='word_1_207' title='bbox 418 3912 555 3973; x_wconf 90' lang='lat' dir='ltr'>tentur.</span> <span class='ocrx_word' id='word_1_208' title='bbox 607 3897 692 3970; x_wconf 88' lang='lat' dir='ltr'>lllas</span> <span class='ocrx_word' id='word_1_209' title='bbox 723 3921 811 3993; x_wconf 90' lang='lat' dir='ltr'>ergo</span> <span class='ocrx_word' id='word_1_210' title='bbox 841 3898 880 3969; x_wconf 93' lang='lat' dir='ltr'>in</span> <span class='ocrx_word' id='word_1_211' title='bbox 911 3897 1063 3970; x_wconf 91' lang='lat' dir='ltr'>consilio</span> <span class='ocrx_word' id='word_1_212' title='bbox 1088 3895 1148 3969; x_wconf 94' lang='lat' dir='ltr'>vel</span> <span class='ocrx_word' id='word_1_213' title='bbox 1176 3895 1457 3968; x_wconf 86' lang='lat' dir='ltr'>ratiocinatione</span> 
     </span>
     <span class='ocr_line' id='line_1_38' title="bbox 419 4009 1236 4099; baseline -0.001 -16"><span class='ocrx_word' id='word_1_214' title='bbox 419 4035 546 4083; x_wconf 89' lang='lat' dir='ltr'>severa</span> <span class='ocrx_word' id='word_1_215' title='bbox 562 4011 768 4099; x_wconf 89' lang='lat' dir='ltr'>admittere,</span> <span class='ocrx_word' id='word_1_216' title='bbox 787 4010 944 4083; x_wconf 90' lang='lat' dir='ltr'>stultitia</span> <span class='ocrx_word' id='word_1_217' title='bbox 960 4022 1016 4084; x_wconf 90' lang='lat' dir='ltr'>est</span> <span class='ocrx_word' id='word_1_218' title='bbox 1032 4009 1236 4082; x_wconf 82' lang='lat' dir='ltr'>manifesta.</span> 
     </span>
    </p>

    <p class='ocr_par' dir='ltr' id='par_1_15' title="bbox 419 4121 1458 4333">
     <span class='ocr_line' id='line_1_39' title="bbox 471 4121 1457 4220; baseline -0.001 -25"><span class='ocrx_word' id='word_1_219' title='bbox 471 4123 513 4195; x_wconf 89' lang='lat' dir='ltr'>lu</span> <span class='ocrx_word' id='word_1_220' title='bbox 540 4123 706 4196; x_wconf 90' lang='lat' dir='ltr'>discursu</span> <span class='ocrx_word' id='word_1_221' title='bbox 732 4147 961 4220; x_wconf 90' lang='lat' dir='ltr'>quocunque,</span> <span class='ocrx_word' id='word_1_222' title='bbox 983 4124 1015 4197; x_wconf 92' lang='lat' dir='ltr'>si</span> <span class='ocrx_word' id='word_1_223' title='bbox 1039 4122 1269 4196; x_wconf 85' lang='lat' dir='ltr'>discretionis</span> <span class='ocrx_word' id='word_1_224' title='bbox 1295 4121 1457 4195; x_wconf 88' lang='lat' dir='ltr'>defectus</span> 
     </span>
     <span class='ocr_line' id='line_1_40' title="bbox 419 4235 1458 4333; baseline 0.001 -26"><span class='ocrx_word' id='word_1_225' title='bbox 419 4237 612 4310; x_wconf 85' lang='lat' dir='ltr'>manifeste</span> <span class='ocrx_word' id='word_1_226' title='bbox 629 4250 814 4333; x_wconf 85' lang='lat' dir='ltr'>appareat,</span> <span class='ocrx_word' id='word_1_227' title='bbox 833 4249 1157 4333; x_wconf 88' lang='lat' dir='ltr'>quantumcunque</span> <span class='ocrx_word' id='word_1_228' title='bbox 1178 4238 1323 4333; x_wconf 90' lang='lat' dir='ltr'>placere</span> <span class='ocrx_word' id='word_1_229' title='bbox 1342 4235 1458 4333; x_wconf 87' lang='lat' dir='ltr'>possit</span> 
     </span>
    </p>
   </div>
   <div class='ocr_carea' id='block_1_10' title="bbox 0 0 1477 4980">
    <p class='ocr_par' dir='ltr' id='par_1_16' title="bbox 0 0 1477 4980">
     <span class='ocr_line' id='line_1_41' title="bbox 0 0 1477 4980; baseline 0 0"><span class='ocrx_word' id='word_1_230' title='bbox 0 0 1477 4980; x_wconf 95' lang='lat' dir='ltr'> </span> 
     </span>
    </p>
   </div>
  </div>
 </body>
</html>
