2926 4980
181 341 254 407 440
422 355 477 407 nu
495 353 690 407 crvrrarn
710 353 978 408 sustentans.

12 557 44 608 ιι,
62 557 162 607 amn,
182 521 378 595 articulum
395 521 611 595 stabilirent.
639 521 829 619 Evangelii
841 523 880 596 S.
891 522 1066 596 Matthaei
1082 544 1232 597 summu

12 639 166 758 W&
181 636 261 708 haec
279 646 346 723 est,
364 636 385 708 J
389 659 492 707 esum
508 636 620 708 fuisse
638 660 684 709 ex
700 636 814 731 stirpe
826 634 977 709 Doridis
991 667 1002 720 ;
1029 646 1171 710 natum
1187 658 1231 711 ex

12 766 86 809 tom
93 766 166 823 inra-
179 748 331 845 Virgine
346 775 355 831 ;
382 750 523 822 venisse
550 750 692 845 Magos,
711 760 754 821 ut
779 773 861 822 eum
879 772 946 844 pro
964 772 1056 847 rege
1073 750 1231 825 Jndaeo

12 829 155 940 {iffi
178 887 260 934 rum
278 872 521 957 agnoscerent
544 872 581 933 et
601 862 821 946 adorareut;
849 862 1041 935 Herodem
1059 886 1165 955 eum,
1183 888 1231 938 ne

181 986 362 1070 regnaret,
398 985 572 1046 conatum
614 997 692 1046 esse
734 974 971 1058 interficere;
1009 974 1231 1051 iohannem

180 1087 385 1184 Baptistam
403 1085 507 1159 illurn
523 1110 649 1182 regem
665 1086 933 1182 proclamasse;
961 1086 1159 1162 Christum
1177 1090 1233 1188 ip·

178 1226 259 1274 sum
270 1200 529 1296 apostolosque
540 1201 617 1294 ejus
628 1223 752 1295 regern
766 1198 869 1272 illum
882 1222 960 1272 esse
973 1187 1207 1295 praedicasse
1219 1235 1231 1289 ;

177 1314 297 1410 legem
315 1314 482 1386 docuisse
499 1336 575 1385 non
602 1323 645 1384 ut
673 1312 822 1400 Scribae,
844 1312 909 1385 sed
925 1322 967 1385 ut
984 1313 1047 1408 qui
1067 1312 1233 1391 haberet

178 1427 465 1509 authoritatem
491 1426 638 1498 morbos
656 1426 733 1498 solo
750 1425 864 1498 verbo
888 1448 1048 1516 sanasse,
1076 1427 1232 1526 aliaque

178 1539 355 1614 miracula
371 1538 511 1627 fecisse,
526 1562 608 1633 quae
626 1538 812 1611 Christum
828 1539 1014 1611 facturum
1028 1562 1113 1613 esse
1129 1566 1232 1638 prae·

179 1655 349 1727 dixerant
375 1652 589 1748 prophetae;
614 1652 799 1725 monuisse
825 1651 1033 1748 discipulos,
1058 1677 1110 1727 ue
1128 1656 1231 1748 aliis,

179 1769 243 1865 qui
261 1791 299 1840 se
319 1766 483 1839 Christos
511 1767 784 1862 profiterentur,
811 1766 1026 1849 credereut;
1053 1780 1229 1864 captum,

178 1892 402 1968 accusatum,
420 1891 458 1952 et
474 1879 647 1968 occisum,
661 1878 760 1974 quod
777 1902 817 1951 se
829 1902 955 1975 regem
966 1903 1045 1952 esse
1059 1879 1229 1969 dixerit;

179 1996 327 2068 titulum
345 1994 445 2067 cruci
463 1992 678 2088 inscriptum
701 1991 825 2082 fuisse,
851 1992 965 2064 Jecur
990 1991 1231 2069 Nazarenum

178 2110 261 2182 Rex
278 2108 502 2180 terreorum.
556 2106 649 2180 Quae
675 2107 799 2179 omnia
817 2130 860 2179 eo
877 2117 1152 2202 spectaverunt,
1181 2124 1229 2183 ut

179 2222 369 2295 crederent
384 2220 550 2292 homines
567 2218 696 2291 «lesum
713 2243 796 2291 etse
812 2217 1013 2292 Christum.
1066 2220 1229 2296 Summe

178 2337 257 2409 haec
275 2348 331 2408 est
349 2332 528 2430 evangelii
543 2333 669 2428 scripti
686 2332 914 2406 aMetthaeo.
967 2333 1228 2429 Evangelistu·

178 2475 259 2523 rum
274 2461 396 2523 autem
415 2448 638 2542 reliquorum
655 2471 785 2542 scopus
799 2446 896 2519 idem
911 2459 1001 2521 erat.
1028 2448 1049 2520 J
1052 2448 1226 2522 ohannes

179 2576 301 2637 autem
319 2563 364 2635 de
378 2561 567 2657 evangelio
594 2584 660 2633 suo
690 2561 729 2632 in
755 2561 828 2632 fine
849 2560 947 2652 (Joh.
966 2585 1026 2634 xx.
1055 2560 1133 2652 31.)
1156 2587 1224 2635 ex-

178 2701 300 2772 presse
319 2675 420 2762 dicit,
447 2675 527 2746 liceo
556 2674 704 2771 scripta
730 2683 826 2763 eunt,
845 2683 886 2746 ut
901 2674 1070 2748 credatis
1087 2672 1224 2748 lesum

179 2815 260 2861 ease
281 2787 469 2859 Christum
492 2787 731 2880 illerofilium
748 2788 835 2859 Dei.

227 2903 496 2996 Argumentum
522 2900 722 2974 secundum
751 2914 808 2974 est
832 2927 855 2975 a
881 2903 1044 2998 subjecto
1069 2904 1221 2976 concio-

177 3039 266 3086 num
281 3013 658 3109 apostolicarum,tum
670 3025 766 3102 ante,
778 3024 857 3086 turn
869 3026 955 3111 post
967 3014 1219 3088 ascensionem

179 3127 325 3199 Christi.
377 3128 476 3199 Ante
503 3127 753 3199 ascensionem
771 3151 885 3216 suam,
905 3127 1004 3200 misit
1029 3129 1220 3223 apostolos

178 3265 261 3313 suos
300 3243 403 3333 (Luc.
423 3242 471 3313 ix.
491 3241 543 3334 2.)
579 3264 731 3336 regnum
760 3241 828 3313 Dei
858 3242 1146 3337 praedicetnros3
1180 3254 1219 3316 et

182 3355 331 3445 (Matth.
350 3380 385 3427 x.
401 3359 450 3446 7.)
468 3354 655 3427 mandavit
677 3355 748 3426 illis
766 3355 837 3427 hoc
861 3355 990 3443 solum,
1017 3355 1090 3427 iter
1102 3355 1219 3452 foci-

178 3479 281 3541 entee
292 3466 530 3565 proclamate
542 3468 719 3555 dicenter,
730 3468 1050 3566 appropinquavit
1059 3492 1219 3566 regnum

179 3580 265 3669 Dei,
280 3581 318 3652 id
336 3594 404 3665 est,
421 3581 442 3653 J
446 3604 548 3653 esum
566 3604 643 3653 esse
662 3581 846 3666 Messiam,
865 3581 1064 3669 Christum,
1077 3605 1216 3678 regem,

178 3695 240 3789 qui
258 3708 433 3766 venturus
450 3708 539 3766 erat.
592 3696 686 3767 ltem
702 3706 785 3790 post
802 3695 1052 3768 ascensionem
1064 3694 1217 3785 Christi,

177 3806 275 3878 idem
304 3807 607 3902 praedicaverunt,
635 3820 678 3880 ut
706 3819 809 3903 patet
840 3833 885 3880 ex
915 3809 987 3880 Act
1008 3808 1093 3881 xvii.
1115 3816 1151 3896 6,
1180 3815 1216 3880 7.

183 3920 397 3993 Traxerunt
423 3919 598 3992 lusorem
624 3931 660 3992 et
678 3921 858 4016 quosdam
873 3921 1033 4015 fratres
1051 3921 1106 3993 ed
1126 3921 1217 3994 eivi-

179 4033 271 4105 tatie
298 4034 560 4129 magistratus,
578 4033 831 4129 oocfferrmdo,
850 4034 916 4106 isti
933 4034 997 4130 qui
1024 4033 1127 4106 orbis
1141 4044 1217 4107 ter-

179 4168 307 4217 rarum
336 4155 474 4217 etatum
508 4143 777 4234 subverterunt,
811 4146 925 4219 etiem
958 4147 1017 4220 liic
1052 4147 1216 4220 aarum:

179 4278 271 4350 quoa
288 4257 438 4354 excepit
449 4255 568 4329 Josorr
583 4284 596 4329 .·
622 4256 686 4353 qui
700 4282 821 4330 omnes
839 4269 972 4332 eontra
989 4260 1115 4332 edicta
1136 4258 1216 4332 Cae-

180 4368 282 4439 saris
299 4369 470 4464 sociant,
499 4394 628 4467 regem
654 4369 767 4443 olium
794 4371 960 4445 dieentes
977 4397 1071 4463 esse,
1088 4396 1218 4471 nempe
