2926 4980
355 394 409 447 na
428 394 621 448 crvrunra
640 394 905 447 eanrsrrnun.
1063 376 1137 454 407

107 558 183 633 sive
195 557 506 634 fundamentalem
518 582 609 635 esse.
647 559 758 637 Quod
770 561 802 635 si
816 560 964 637 Petrum
976 570 1066 635 tunc
1076 583 1136 634 ec·
1157 591 1235 642 cae.
1248 590 1334 640 xnrr.

107 672 224 745 clesiae
242 695 365 768 regem
379 673 601 746 constituere
617 674 802 763 voluisset,
813 697 922 770 quam
932 672 1038 748 facile
1048 673 1137 747 fnis-
1174 670 1324 791 m

107 798 163 858 set
180 784 300 858 verbis
318 783 463 859 disertis
485 785 525 859 id
542 786 687 860 dixisse.
1173 797 1328 844 ‘aldum

157 896 332 971 Proximis
360 907 483 972 autem
513 898 644 988 verbis,
670 896 768 970 dado
793 896 864 973 tihi
881 897 1006 972 clunes
1023 897 1099 973 coel
1120 944 1137 958 ·

106 1033 186 1080 rum
204 1018 287 1095 etc,
306 1008 359 1081 nil
375 1008 530 1104 amplius
541 1011 648 1084 Petro
662 1033 772 1106 quam
789 1011 931 1087 caeteris
948 1011 1135 1109 discipulis

107 1120 304 1196 detumeat
325 1122 472 1213 (Matth.
487 1122 586 1197 xviii.
606 1125 665 1217 18)
681 1151 690 1195 :
721 1124 902 1221 quicquid
916 1124 1136 1222 ligaveritis

107 1234 145 1306 in
163 1245 281 1324 terra,
300 1234 486 1332 ligabitur
503 1235 543 1310 iu
567 1235 672 1327 coelo,
690 1247 729 1311 et
753 1237 935 1334 quicquid
947 1237 1138 1312 sabaitis

107 1346 145 1420 in
163 1358 281 1434 terra,
298 1346 462 1420 solvetur
480 1347 518 1420 in
544 1347 618 1421 coel
641 1405 650 1421 .
715 1349 789 1424 Sed
812 1368 999 1447 utcunque
1015 1351 1138 1426 locum

106 1460 204 1535 hunc
222 1461 495 1556 interpretetur,
509 1461 659 1537 dubium
675 1463 817 1538 nullum
833 1475 901 1553 est,
915 1465 1003 1560 quin
1014 1476 1137 1561 potes-

106 1584 162 1648 tas
178 1575 247 1648 hoc
265 1574 348 1648 loco
365 1574 452 1649 data
467 1574 649 1672 pertineat
662 1576 710 1651 ad
726 1600 789 1652 eos
805 1601 942 1668 omnes,
959 1578 1024 1674 qui
1040 1601 1137 1653 sum·

106 1711 204 1762 mam
220 1689 259 1762 in
282 1689 490 1765 civitatibus
507 1690 581 1763 suis
608 1701 826 1786 potestatem
852 1690 1001 1782 habent,
1028 1690 1137 1765 modo

108 1801 305 1876 Christiani
319 1802 402 1876 sint.
453 1801 557 1876 Adeo
573 1814 617 1877 ut
635 1804 789 1877 Sanctus
799 1804 940 1895 Petrus,
957 1803 1016 1879 vel
1027 1804 1138 1879 edam

109 1914 279 1989 Servatur
305 1926 429 1989 noster
457 1916 546 2011 ipse,
564 1915 595 1988 si
622 1915 782 2011 aliquem
806 1941 932 1992 eorum
955 1916 1004 1992 ad
1027 1917 1138 1992 fidem

108 2027 355 2102 Christianam
399 2029 650 2118 convertisset,
693 2029 779 2126 qnia
820 2042 943 2105 tumen
984 2054 1138 2128 regnum

109 2140 246 2215 Christi
266 2166 341 2215 nou
359 2153 415 2216 est
429 2142 538 2238 hujus
554 2142 694 2232 mundi,
712 2142 950 2219 convertendi
974 2142 1139 2218 subditos

107 2253 273 2349 proprios
300 2253 352 2327 illi
378 2253 446 2327 soli
473 2254 703 2349 reliquisset;
736 2254 874 2350 alioqui
897 2279 1011 2352 regno
1036 2255 1139 2330 illum

109 2364 297 2463 privasset,
322 2367 382 2440 cui
399 2366 555 2440 docendi
568 2367 629 2461 jus
656 2366 819 2441 adhaeret
836 2368 1138 2462 inseparabiliter.

110 2478 203 2553 Haec
219 2503 307 2576 ergo
325 2480 507 2554 sufficiant
517 2479 565 2554 ad
581 2478 838 2554 refutationem
848 2481 930 2555 libri
943 2482 1051 2579 hujus
1063 2482 1138 2578 pri-

109 2592 172 2681 mi,
189 2592 228 2665 in
250 2617 323 2688 quo
340 2593 496 2689 probare
520 2604 672 2669 conatus
689 2604 743 2667 est
761 2596 997 2669 monarcham
1023 2595 1140 2669 eccle·

109 2706 174 2780 siae
189 2704 414 2796 universalia,
430 2706 548 2791 idest,
564 2705 864 2798 Christianorum,
889 2708 1001 2783 fuisse
1027 2709 1140 2785 Sanc·

109 2830 189 2894 tum
207 2820 365 2892 Petmm.

160 2932 269 3005 Liber
281 2931 462 3006 secundus
473 2931 563 3006 duas
575 2931 686 3005 habet
695 2932 962 3008 conclusiones:
976 2933 1141 3025 alterum,

112 3045 288 3118 Sanctum
315 3043 463 3117 Petrum
495 3045 621 3118 Romae
647 3044 758 3119 fuisse
783 3047 1005 3143 episcopum,
1031 3062 1141 3145 atque

110 3157 162 3231 ibi
186 3171 373 3231 mortuum
389 3180 491 3231 esse:
518 3157 682 3248 alteram,
701 3181 928 3233 successores
951 3159 1047 3235 illius
1064 3184 1142 3235 esse

110 3271 301 3368 pontifices
318 3272 513 3347 Romanos.
565 3271 728 3347 Quarum
747 3283 901 3369 utraque
914 3273 1019 3367 quasi
1033 3273 1144 3347 dubia

110 3384 221 3459 bodie
251 3384 469 3480 disputatur.
533 3383 606 3457 Sed
633 3383 664 3457 si
692 3397 884 3482 utramque
911 3409 1033 3460 veram
1064 3410 1143 3463 esse

113 3497 419 3581 concesserimus;
441 3496 472 3570 si
489 3508 612 3570 mmen
628 3521 695 3593 per
711 3498 925 3595 episcopum
943 3499 1143 3572 Romanam

112 3609 349 3683 monarchum
376 3609 557 3698 ecclesiae,
581 3610 656 3683 sive
686 3621 869 3707 pastorem
901 3612 1063 3685 omnium
1083 3636 1144 3686 su-

112 3748 280 3821 premam
298 3723 490 3819 intelligat,
508 3747 582 3796 non
595 3723 789 3820 Sylvester,
801 3725 867 3799 sed
883 3725 1146 3799 Constantinus

115 3839 273 3933 Magnus
283 3837 481 3911 monarcha
498 3836 557 3910 ille
575 3849 675 3921 erat;
694 3849 732 3910 et
749 3846 790 3910 ut
801 3837 1075 3928 Constantinus,
1093 3838 1146 3915 ita

115 3951 226 4025 etiam
253 3949 491 4045 imperatores
518 3950 714 4024 Christiani
743 3974 868 4023 omnes
900 3950 1044 4048 imperii
1074 3952 1147 4025 Ro·

115 4065 214 4137 mani
231 4063 390 4159 episcopi
407 4064 490 4159 jure
502 4074 628 4148 erant;
655 4063 810 4137 Romani
827 4062 975 4157 inquam
992 4063 1147 4160 imperii,

116 4201 191 4250 non
208 4176 322 4250 totius
340 4176 437 4250 orbis
462 4175 671 4250 Christiani.
721 4178 837 4249 Erant
861 4176 959 4249 enim
975 4179 1149 4273 tempori-

118 4290 185 4363 bus
202 4288 272 4363 illis
289 4300 418 4383 gentes
441 4286 658 4363 Christiana
676 4287 871 4379 nonnulla,
895 4312 976 4385 qua
996 4289 1151 4387 imperio
