2926 4980
129 1156 207 1205 CAP.
218 1155 320 1206 XVIII.

153 1240 295 1272 b-r-ff

125 1299 159 1342 De
165 1300 217 1356 jure
226 1301 263 1364 be.

125 1364 223 1409 beatium
231 1373 299 1424 potes·

126 1435 193 1473 ratam
205 1445 312 1476 summam
385 1474 393 1489 ,

123 1495 148 1538 in
162 1495 250 1541 civitate
263 1511 304 1555 par

123 1559 290 1606 institutionem.

725 390 779 441 DE
796 391 1006 444 crvmwrn.

697 733 858 807 CAPUT
884 735 1023 808 XVIII.

337 901 383 950 DE
400 902 490 951 suen
509 904 721 955 HABENTIUM
741 908 972 958 POTESTA'I'EM
989 907 1145 957 SUMMAM
1163 907 1199 956 IN
1215 907 1380 957 CIVITATE

671 1007 741 1057 PER
758 1008 1051 1058 INSTITUTIONEIII.

339 1129 612 1207 Insrrrurrun
630 1134 757 1208 civitas
772 1136 920 1231 quando
946 1137 1125 1224 homines
1153 1146 1284 1232 sponte
1312 1160 1379 1209 sna

338 1247 609 1336 convenientes
628 1248 762 1343 singuli
780 1274 863 1321 cum
890 1251 1043 1346 singulis
1059 1251 1306 1347 paciscuntur,
1325 1264 1379 1340 ut,

339 1362 545 1456 cuicunque
574 1364 716 1436 homini
732 1364 791 1437 vel
808 1365 920 1437 coetni
945 1388 1030 1460 pars
1057 1365 1174 1460 major
1199 1363 1380 1458 suffragiis

339 1497 414 1547 surs
440 1500 636 1571 personam
662 1478 827 1550 omnium
852 1477 1006 1573 gerendi
1019 1478 1079 1573 jus
1097 1477 1309 1566 contribuit,
1327 1476 1380 1548 illi

338 1612 464 1661 omnes
478 1589 681 1663 obedirent.
733 1590 929 1685 Obligatur
946 1613 1034 1684 ergo
1052 1590 1301 1686 unusquisque
1320 1614 1381 1662 eo-

336 1725 430 1790 rum,
450 1702 524 1774 sive
554 1703 769 1799 suffragium
787 1703 948 1775 suumin
967 1702 1069 1774 illum
1087 1702 1286 1775 contulerit
1303 1703 1379 1775 sive

336 1838 413 1887 non
427 1817 635 1904 contulerit,
647 1817 699 1889 illi
711 1841 820 1912 quem
831 1818 948 1912 major
957 1839 1042 1912 pars
1052 1815 1204 1911 elegerit
1217 1815 1379 1903 obedire,

336 1940 375 2001 et
391 1953 459 2025 pro
485 1930 639 2002 authore
665 1930 851 2002 actionum
876 1929 973 2002 illius
999 1929 1163 2001 omnium
1188 1930 1380 2003 habendus

335 2054 402 2116 est.
455 2043 552 2115 Nam
562 2043 632 2115 nisi
650 2043 687 2115 in
706 2053 810 2139 parte
825 2042 1081 2138 suffragiorum
1094 2043 1233 2137 majore
1244 2041 1379 2115 intelli-

334 2168 470 2252 gantur
487 2155 749 2252 comprehensa
764 2155 937 2251 suffragia
948 2155 1125 2242 omnium,
1135 2154 1273 2228 frustra
1290 2181 1378 2229 con-

334 2280 485 2342 ventum
503 2280 570 2357 est,
589 2282 626 2342 et
644 2281 774 2342 contra
790 2271 901 2341 finem
919 2269 964 2341 ab
982 2291 1204 2364 unoquoque
1215 2269 1379 2365 sibipro-

334 2385 508 2480 positum,
526 2407 669 2480 nempe,
687 2407 817 2479 pacem
834 2393 872 2456 et
888 2382 1158 2479 protectionem
1176 2383 1352 2456 omniurn.

385 2498 419 2570 A
436 2498 555 2570 forma
572 2496 823 2581 institutionis
838 2508 917 2568 tum
935 2505 1100 2591 potestas
1114 2495 1233 2567 omnis
1247 2507 1285 2567 et
1292 2497 1378 2591 jura

334 2612 458 2683 omnia
487 2634 666 2682 summam
690 2608 860 2681 habentis
885 2618 1120 2704 potestatem,
1137 2618 1217 2680 tum
1242 2608 1377 2681 civium

333 2725 497 2798 omnium
514 2723 633 2795 officia
654 2722 876 2794 derivantur.

383 2838 517 2926 Prim0,
535 2860 581 2907 ex
598 2860 642 2908 eo
669 2833 768 2930 quod
789 2833 888 2930 pacti
917 2843 1004 2905 sunt
1021 2831 1251 2926 intelligitur,
1276 2836 1377 2930 quod

332 2951 441 3023 nullis
470 2951 587 3046 pactis
617 2948 801 3045 prioribus
828 2947 981 3042 obligati
1010 2957 1115 3018 erant
1137 2943 1185 3018 ad
1210 2946 1249 3018 id
1277 2950 1377 3042 quod

332 3074 441 3160 pacto
458 3063 630 3160 praesenti
647 3062 872 3135 contrarium
890 3072 957 3133 est.
1011 3059 1141 3154 Itaque
1167 3059 1230 3154 qui
1247 3060 1377 3135 civita·

332 3177 379 3250 tis
397 3178 550 3274 alicujus
564 3180 641 3273 jam
656 3177 753 3249 cives
765 3185 862 3264 sunt,
880 3185 1029 3270 pactum
1044 3196 1179 3245 novum
1191 3173 1284 3246 inire
1299 3199 1376 3249 non

331 3300 496 3387 possunt,
516 3314 588 3385 quo
607 3313 802 3385 personam
820 3312 923 3360 suam
934 3287 972 3359 in
983 3287 1095 3358 alium
1107 3287 1305 3361 transferre
1318 3291 1376 3363 vel

332 3404 504 3500 cuiquam
523 3403 596 3491 alii,
614 3427 690 3475 non
707 3402 947 3498 permittente
975 3399 1037 3494 qui
1055 3423 1234 3472 summam
1260 3401 1376 3475 habet

332 3527 564 3613 potestatem,
583 3517 676 3589 inre
691 3538 909 3611 quacunque
921 3513 1070 3586 obedire
1084 3513 1294 3609 obligentur
1308 3547 1317 3599 ;
1337 3528 1376 3590 et

329 3654 396 3725 per
407 3653 646 3725 consequens
661 3629 725 3725 qui
736 3629 803 3701 sub
816 3627 1016 3701 monarcha
1030 3626 1126 3698 cives
1140 3637 1237 3717 sunt,
1254 3652 1374 3725 neque

329 3744 582 3817 monarchiam
606 3743 757 3838 rejicere
783 3765 902 3837 neque
924 3739 972 3813 ad
996 3740 1205 3812 libertatem
1230 3754 1374 3816 naturae

328 3859 453 3946 relabi,
478 3858 509 3929 si
534 3857 695 3930 noluerit
721 3856 783 3948 qui
809 3855 922 3927 habet
947 3877 1125 3926 summam
1151 3864 1373 3949 potestatem

329 3971 387 4043 vel
415 3971 569 4068 quilibet
585 3971 678 4043 alius
696 3968 841 4057 civium,
856 3970 939 4064 jure
965 3978 1130 4063 possunt.
1182 3967 1373 4041 Violarent

329 4085 426 4156 enirn
443 4095 593 4180 pactum
612 4083 745 4154 initum
772 4105 856 4153 cum
882 4078 1054 4174 singulis;
1081 4090 1120 4151 et
1149 4090 1372 4175 potestatem

328 4221 519 4283 summam,
533 4198 616 4291 jure
630 4196 705 4290 jam
719 4193 871 4266 habenti
882 4192 1017 4279 datam,
1035 4202 1167 4264 contra
1180 4192 1240 4286 jus
1255 4193 1372 4289 eripe-

328 4321 423 4383 rent.
476 4309 671 4396 Praeterea,
690 4307 720 4380 si
738 4307 802 4403 qui
820 4329 901 4380 eam
919 4305 1060 4401 eripere
1087 4317 1296 4396 conaretur,
1315 4307 1372 4382 in-
