2926 4980
511 379 566 431 DE
587 378 767 431 flamna.
1111 370 1157 433 35

120 549 242 624 Quod
257 550 288 623 si
309 573 418 647 quem
439 549 493 625 ita
508 550 720 646 loquentem
744 552 929 640 sentirem,
956 573 1032 623 non
1057 548 1159 622 illum

120 685 291 751 errasse,
309 662 375 736 sed
390 661 557 736 absurde
572 662 736 736 locutum
753 687 831 737 esse
848 664 1020 737 dicerem.

176 775 375 848 Hominem
389 775 534 849 caeteris
550 775 766 849 animalibus
782 787 957 873 praestare
971 775 1046 849 dixi
1060 786 1159 866 ante,

124 911 170 960 eo
187 887 288 983 quod
305 912 390 961 cum
408 888 455 962 de
471 912 513 962 re
539 900 756 986 quacunque
780 890 1009 986 cogitaverit,
1026 889 1065 962 in
1082 890 1160 984 ejus

124 1001 179 1074 rei
195 1002 478 1098 consequentias
495 1003 678 1098 inquirere
705 1013 742 1075 et
768 1002 950 1098 quomodo
976 1026 1020 1076 ea
1043 1024 1084 1074 re
1105 1001 1162 1074 uti

124 1125 258 1211 potest,
303 1127 412 1211 aptus
453 1126 562 1190 natus
600 1117 658 1190 sit.
726 1116 899 1213 Ejusdem
939 1115 1162 1213 praestantia

125 1228 283 1324 gradum
305 1229 416 1302 alium
443 1230 505 1303 hic
534 1230 642 1318 addo,
668 1229 768 1328 quod
791 1253 858 1327 per
884 1229 1162 1326 consequentias

126 1343 323 1415 verborum
350 1342 509 1439 reperire
533 1354 654 1441 potest
678 1342 824 1439 regulas
851 1343 1052 1440 generales,
1080 1367 1163 1439 quae

126 1454 360 1527 theoremata
389 1467 429 1528 et
458 1455 664 1554 aphorismi
696 1457 820 1530 vocari
854 1457 995 1542 solent;
1026 1456 1163 1544 idest,

126 1578 343 1664 computare
359 1577 483 1665 potest
495 1592 570 1642 non
588 1570 706 1642 solum
723 1570 761 1642 in
778 1571 951 1660 numeris,
971 1569 1036 1643 sed
1053 1569 1163 1642 etiam

126 1679 165 1753 in
181 1681 295 1753 rebus
306 1679 387 1753 aliis
404 1682 585 1771 omnibus,
603 1705 759 1778 quanam
778 1705 853 1756 una
878 1683 985 1757 alteri
1002 1681 1089 1756 addi
1105 1682 1165 1755 vel

126 1794 265 1867 auferri
281 1804 417 1890 potest.

178 1907 255 1980 Sed
271 1907 503 2003 privilegium
514 1908 587 1981 hoc
605 1909 651 1981 ab
665 1908 737 1982 alio
751 1909 910 2004 quodam
924 1919 1163 2006 temperator.

128 2020 251 2094 Solius
281 2021 379 2093 enim
404 2020 563 2094 hominis
592 2021 823 2118 privilegium
851 2034 906 2096 est
934 2023 1164 2112 absurditas,

129 2134 189 2207 cui
225 2133 298 2206 alia
325 2147 496 2207 creatura
523 2135 625 2207 nulla
652 2147 706 2208 est
742 2136 910 2209 obnoxia.
963 2136 1166 2209 Hominum

128 2259 255 2320 autem
271 2248 430 2320 maxime
450 2247 598 2320 obnoxii
621 2258 708 2320 sunt
732 2248 785 2320 illi
811 2249 873 2346 qui
899 2250 1024 2322 vocari
1048 2249 1167 2322 solent

129 2360 350 2458 philosophi.
402 2359 448 2433 ld
463 2361 561 2433 enim
586 2360 727 2435 dictum
749 2371 805 2434 est
821 2386 844 2435 a
861 2362 1037 2435 Cicerone
1055 2362 1168 2435 veris·

130 2475 235 2563 sime,
251 2474 344 2546 nihil
360 2483 438 2546 tam
455 2497 534 2547 esse
550 2497 656 2570 posse
676 2474 886 2564 absurdum,
906 2475 994 2571 quin
1012 2473 1168 2546 inveniri

130 2588 248 2685 possit
280 2587 318 2659 in
352 2586 456 2660 libris
488 2587 800 2683 philosophorum.
854 2587 967 2683 Cujus
993 2586 1046 2658 rei
1071 2586 1167 2659 ratio

129 2699 327 2773 manifesta
344 2710 412 2772 est.
462 2699 600 2772 Eorum
617 2699 715 2772 enim
741 2723 848 2772 nemo
872 2717 941 2789 est,
969 2700 1031 2795 qui
1057 2700 1167 2773 ratio-

130 2812 335 2886 cinationes
352 2835 437 2884 suas
450 2836 473 2885 a
484 2812 757 2887 definitionibus
771 2814 949 2903 ordiatur,
965 2813 1041 2886 sive
1055 2814 1169 2910 expli-

131 2926 338 2999 cationibus
355 2926 544 2999 nominum
557 2926 691 3021 quibus
703 2928 806 3000 usuri
819 2939 917 2999 sunt.
970 2926 1168 3001 Methodus

131 3040 230 3113 enim
247 3041 328 3114 haec
344 3053 617 3136 geometrarum
632 3041 825 3137 peculiaris
843 3051 909 3113 est.

182 3153 468 3226 conclusionum
485 3153 691 3227 absurditas
708 3153 747 3225 in
765 3153 906 3226 caeteris
929 3152 1088 3227 scientiis
1106 3153 1170 3226 de-

131 3266 247 3339 fectui
279 3266 448 3340 methodi
477 3266 693 3364 imputanda
725 3279 805 3351 est;
842 3276 1037 3363 propterea
1071 3266 1170 3363 quod

133 3378 432 3452 ratiocinationes
455 3402 538 3452 suas
565 3403 640 3453 non
657 3379 840 3475 incipiunt
857 3402 880 3452 a
897 3380 1170 3452 definitionibus

135 3491 335 3564 nominum.
405 3491 521 3566 Quasi
563 3514 755 3564 numerare
785 3491 933 3582 vellent,
973 3503 1170 3586 antequam

134 3605 378 3678 numeralium
388 3605 577 3677 nominum
589 3605 751 3677 valorem
760 3603 1020 3700 intelligerent.
1048 3605 1171 3698 Atque

133 3717 214 3791 haec
231 3740 344 3789 cama
360 3717 540 3813 generalis
558 3728 626 3790 est.
679 3717 864 3791 Quoniam
877 3730 999 3790 autem
1018 3741 1173 3812 corpora

134 3831 173 3903 in
190 3830 355 3903 rationes
372 3842 521 3928 propter
538 3832 657 3905 varias
680 3831 1004 3920 considerationes
1022 3831 1117 3904 sicut
1133 3833 1172 3904 in

132 3942 368 4040 praecedente
386 3946 504 4041 eapite
522 3945 663 4018 dictum
690 3956 760 4034 est,
787 3945 1020 4027 inferuntur;
1046 3945 1172 4019 multae

133 4056 382 4130 absurditates
399 4059 605 4152 procedunt
621 4082 644 4130 a
658 4057 804 4130 defectu
819 4057 1062 4130 distinotionis
1075 4058 1172 4132 inter

133 4169 445 4244 considerationes
463 4171 566 4256 illas3
592 4171 691 4244 unde
717 4171 760 4243 fit
785 4182 828 4244 ut
853 4171 1001 4243 nomina
1022 4172 1060 4245 in
1085 4196 1171 4269 pro-

132 4282 337 4378 positiones
352 4308 544 4380 perperam
561 4295 838 4358 connectantur.

965 4422 989 4471 n
1007 4422 1023 4467 o

1206 580 1283 637 cA'P.
1295 588 1329 637 v.

1194 669 1337 704 b-e-ae

1198 726 1233 770 De
1241 727 1326 770 ratione

1197 796 1219 835 ct
1228 791 1324 836 ωἰοιιίὶα.
