2926 4980
309 317 383 385 398
552 333 606 384 nn
626 334 821 386 civrunrn
842 333 1112 387 cunrsrruuc.

108 532 186 583 ω»
198 534 283 585 xm
309 512 434 573 autem
452 499 592 586 videns,
611 502 866 598 interrogaret,
884 503 980 578 sicut
1006 504 1246 577 Servatorem
1271 528 1357 581 nos-

122 617 275 735 m
308 621 408 686 trum
421 613 743 709 interrogaverunt
757 615 968 690 sacerdotes
979 629 1016 690 et
1026 617 1189 691 seniores
1203 617 1356 710 (Matth.

119 742 272 789 «acuta
308 726 382 799 xxi.
401 728 481 821 23),
499 729 584 812 Qua
609 728 843 802 authoritate
852 729 967 827 facia
988 730 1098 803 iata?
1123 739 1162 802 et
1180 732 1270 827 quia
1287 732 1359 807 tibi

309 840 416 913 dedit
439 841 551 914 iatam
577 842 879 917 authoritatem?
905 842 1126 940 respondere
1152 843 1264 917 ahter
1280 868 1358 919 non

307 955 518 1051 potest,nisi
533 955 632 1051 quod
643 955 754 1029 facit
745 967 816 1030 ista
829 957 1054 1031 authoritate
1066 956 1298 1046 civitatis,ab
1312 982 1357 1033 eo

309 1069 406 1158 data,
429 1069 493 1166 qui
517 1069 676 1143 civitatis
703 1083 759 1144 est
784 1094 954 1167 persona.
1017 1070 1186 1144 Pastores
1213 1094 1358 1158 omnes,

307 1195 444 1279 praeter
460 1207 683 1280 supremum,
688 1185 781 1280 jure
792 1184 894 1256 cicili
911 1185 982 1257 ista
998 1182 1140 1257 faciunt
1154 1214 1164 1267 ς
1191 1183 1261 1256 sed
1278 1208 1358 1275 rex,

308 1309 346 1368 et
375 1296 584 1393 quicunque
615 1322 796 1370 summam
822 1297 936 1370 habet
963 1307 1196 1393 potestatem,
1223 1297 1356 1371 eadem

306 1408 448 1482 faciunt
476 1410 700 1484 authoritate
729 1410 810 1499 Dei,
839 1410 927 1499 sive,
957 1421 1000 1483 ut
1026 1409 1244 1505 loquuntur,
1261 1411 1358 1507 jare

308 1521 444 1594 diuino.
497 1521 642 1618 Regum
656 1547 745 1618 ergo
763 1535 801 1596 et
819 1545 961 1595 summe
978 1521 1241 1618 imperantium
1256 1523 1358 1599 solo·

307 1659 389 1708 rum
407 1646 464 1708 est
480 1636 519 1709 in
537 1636 654 1709 tituhs
670 1637 819 1725 habere,
833 1636 910 1709 Dei
920 1637 1058 1735 gratia
1068 1660 1138 1709 rea
1147 1645 1219 1708 etc.
1247 1636 1357 1734 Epis-

305 1771 483 1843 coporum
510 1760 578 1838 est,
606 1772 684 1847 per
710 1749 882 1847 gratiam
910 1749 1019 1847 regia
1045 1749 1250 1845 episcopua
1282 1759 1356 1824 etc.

306 1862 403 1935 Nam
421 1862 549 1936 divina
559 1861 805 1959 providentia
824 1872 862 1934 et
879 1861 955 1933 Dei
970 1860 1107 1958 gratia
1118 1859 1218 1933 idem
1236 1862 1358 1959 signi-

305 1976 431 2049 ficant.

356 2087 483 2185 Atqui,
511 2087 542 2159 si
565 2087 814 2183 unusquisque
841 2111 906 2159 rex
929 2085 1158 2159 Christianus
1182 2087 1354 2163 subdito-

304 2226 387 2275 rum
404 2225 554 2275 suorum
571 2224 734 2274 summus
752 2224 899 2297 quoqne
921 2211 1049 2297 pastor
1066 2199 1126 2288 sit,
1144 2199 1258 2273 etiarn
1277 2226 1355 2276 non

305 2317 424 2389 solum
448 2313 687 2411 praedicandi,
709 2314 810 2411 quod
835 2313 931 2387 forte
956 2338 1031 2386 non
1056 2313 1267 2408 negabitur,
1287 2316 1356 2390 sed

305 2430 416 2503 etiam
446 2428 671 2525 baptizandi,
698 2438 966 2501 sacramentum
1001 2451 1118 2499 coenae
1145 2426 1354 2503 Dominicae

304 2541 597 2629 administrandi,
616 2553 653 2614 et
680 2541 818 2637 templa
834 2540 1117 2636 sacerdotesque
1135 2564 1354 2615 consecran-

305 2656 354 2746 di,
369 2658 430 2753 jus
447 2655 582 2728 habere
598 2654 713 2727 videri
731 2665 870 2750 potest;
890 2653 990 2750 quod
1003 2676 1077 2726 non
1095 2651 1202 2725 facilc
1220 2677 1354 2730 conce·

305 2770 424 2842 detur.
487 2769 617 2865 Neque
636 2769 734 2840 enim
751 2767 789 2840 id
813 2768 935 2840 facere
952 2766 1095 2849 solant;
1134 2790 1254 2861 neque
1272 2768 1352 2842 sine

304 2883 537 2979 impositione
564 2907 739 2954 manuum
766 2882 927 2978 episcopi
955 2882 1012 2955 vel
1035 2881 1243 2977 presbyteri
1269 2883 1352 2956 ficri

304 2996 506 3070 consuevit.
560 2996 611 3068 Ut
636 2995 834 3091 probemus
861 3018 949 3090 ergo
980 3017 1086 3089 reges
1121 2993 1351 3069 Christianos

303 3109 514 3182 ministeriis
538 3108 609 3182 illis
634 3109 688 3181 uti
711 3133 830 3205 posse,
851 3109 944 3181 ratio
971 3106 1161 3181 reddenda
1178 3123 1248 3198 cst,
1268 3121 1351 3182 tum

303 3248 417 3319 quare
442 3222 481 3294 id
502 3247 579 3296 non
602 3220 753 3311 faciant,
774 3233 811 3295 et
836 3220 1020 3316 quomodo
1045 3220 1122 3293 sine
1141 3223 1352 3296 ceremonia

304 3336 367 3409 illa
393 3337 533 3409 usitata
555 3335 799 3431 impositionis
830 3358 1005 3407 manuum
1030 3333 1080 3422 id,
1099 3334 1129 3405 si
1151 3333 1349 3427 voluerint,

301 3449 422 3523 facere
433 3451 516 3546 jure
533 3449 687 3545 possint.

352 3564 391 3636 Si
410 3563 491 3659 quis
508 3587 573 3636 rex
590 3562 752 3635 scientiae
770 3561 923 3657 alicujus
944 3561 1113 3633 humanae
1130 3561 1272 3656 peritus
1290 3587 1346 3636 es·

300 3689 367 3765 set,
382 3677 471 3773 quin
487 3676 618 3750 docere
632 3701 713 3749 eam
727 3674 873 3771 publice
887 3674 1017 3746 eodem
1026 3675 1109 3770 jure
1123 3687 1259 3769 posset,
1275 3699 1348 3771 quo

300 3815 382 3863 eam
402 3790 537 3863 docent
555 3790 617 3885 qui
638 3790 684 3862 ab
703 3789 765 3860 illo
780 3790 841 3884 jus
867 3787 1064 3884 accipiunt,
1094 3786 1245 3860 dubium
1265 3789 1349 3862 nul-

299 3902 375 3975 lum
394 3913 460 3976 est.
524 3902 709 3976 Quoniam
733 3912 854 3973 autem
880 3900 992 3974 totius
1011 3900 1169 3973 civitatis
1187 3901 1226 3974 in
1243 3901 1348 3976 illum

299 4016 479 4089 incumbit
497 4041 596 4106 cura,
614 4027 655 4089 ut
672 4015 750 4110 ipse
768 4015 806 4087 in
824 4038 883 4088 res
901 4014 981 4087 illas
998 4013 1176 4086 momenti
1194 4015 1348 4090 minoris

299 4141 444 4226 tempus
471 4153 578 4202 suum
605 4139 825 4218 contereret,
853 4126 1126 4200 incommodum
1156 4127 1347 4223 publicum

298 4255 406 4316 esset.
459 4242 585 4315 Potest
619 4239 729 4313 etiam
756 4263 832 4331 rex,
860 4240 890 4312 si
915 4240 1084 4329 voluerit,
1112 4239 1194 4313 lites
1221 4240 1346 4316 civiles
