2926 4980
504 377 558 427 nn
579 376 785 428 crvmarn.
1099 359 1166 438 179

123 577 316 650 cumpace
342 564 381 626 et
406 554 522 626 salute
545 554 670 651 populi
695 555 775 628 fieri
793 579 868 627 non
885 566 1019 651 potest.
1073 557 1166 630 Quae
1190 583 1267 633 cnr.
1280 583 1320 631 xi

122 679 245 741 antem
268 666 468 740 tractanda
493 681 580 740 sunt
605 668 643 739 in
672 678 868 764 systemate
891 669 967 758 tali,
986 671 1168 764 praefinita
1195 665 1320 790 „AE

122 781 265 854 suntin
285 781 377 877 ipsis
402 780 518 854 literis
539 782 672 877 quibus
696 797 956 855 convocantur.
1009 784 1166 878 Populus
1194 799 1320 843 tbusciviu

122 895 219 967 enim
239 894 437 990 deputatos
447 919 531 967 suos
542 894 676 989 eligere
690 895 738 967 ad
751 895 860 968 alium
875 897 987 968 finem
997 920 1073 969 non
1084 921 1168 992 pos-

121 1021 221 1094 sunt,
234 1032 345 1103 quam
357 1007 420 1103 qui
434 1008 472 1079 in
484 1008 571 1102 ipsis
588 1008 797 1081 monarchae
815 1009 930 1081 literis
945 1009 1167 1083 continetur.

173 1121 344 1217 Systema
378 1121 563 1217 privatum
597 1121 776 1215 regulare,
811 1121 981 1218 idemque
1013 1122 1167 1210 licitum,

101 1233 214 1308 .illud
243 1246 310 1322 est,
339 1234 436 1331 quod
466 1235 545 1308 sine
570 1235 686 1308 literis
714 1247 778 1308 aut
807 1236 982 1308 mandato
1014 1260 1168 1309 summae

61 1440 68 1449 Ι
121 1349 328 1443 potestatis,
364 1360 608 1444 praeterquam
642 1348 785 1443 legibus
826 1349 989 1421 omnium
1031 1350 1167 1422 civium

122 1459 394 1547 communibus
407 1459 654 1533 constituitur.
709 1461 820 1535 Quod
834 1485 918 1533 cum
928 1485 1003 1533 una
1012 1485 1169 1557 persona

123 1570 265 1646 factum
278 1573 340 1663 sit,
354 1574 520 1669 regulare
539 1586 605 1646 est.
659 1574 787 1648 Qualis
798 1588 853 1648 est
870 1575 1019 1664 familia,
1039 1576 1076 1647 in
1095 1601 1169 1672 qua

121 1687 397 1781 paterfamiliae,
418 1697 598 1783 quatenus
612 1687 711 1782 leges
726 1688 850 1761 civiles
864 1713 939 1761 non
956 1689 1166 1784 prohibent,

123 1822 322 1894 personam
339 1799 437 1895 gerit
461 1800 575 1872 totius
592 1799 764 1883 familiac3
792 1813 829 1874 et
846 1802 899 1874 illi
915 1802 982 1873 filii
1000 1803 1168 1897 servique

122 1913 273 1986 obedire
305 1914 344 1985 in
375 1914 543 1986 omnibus
571 1915 691 1999 rebuS,
723 1939 805 2010 quae
833 1939 908 1987 non
935 1926 1021 1987 sunt
1038 1929 1168 1988 contra

121 2025 221 2122 leges
237 2025 375 2114 civiles,
393 2026 612 2121 obligantur.
666 2027 764 2099 Nam
781 2040 867 2100 ante
895 2028 1166 2102 institutionem

122 2139 330 2226 civitatum,
347 2139 463 2234 patris
499 2151 577 2211 erat
611 2139 649 2210 in
677 2140 773 2212 filios
803 2152 840 2212 et
864 2164 987 2213 servos
1004 2152 1166 2237 potestas

122 2275 278 2338 summa,
292 2275 414 2347 neque
430 2253 624 2347 potestatis
642 2256 720 2348 ejus
747 2266 890 2349 partem
906 2255 1018 2327 ullam
1036 2255 1167 2327 amise-

121 2377 212 2437 runt
224 2365 440 2461 patreS,nisi
452 2390 561 2462 quarn
575 2367 801 2440 sustulerunt
814 2370 976 2463 ipsorum
987 2391 1167 2440 consensu

122 2476 226 2573 leges
245 2477 382 2550 civiles

175 2592 387 2688 Systemata
403 2592 586 2687 regularia
603 2592 762 2688 quidem,
774 2593 838 2665 sed
852 2593 990 2681 illicita,
1010 2617 1054 2665 ea
1071 2606 1168 2683 sunt,

123 2727 208 2800 qnae
225 2705 321 2776 fiunt
338 2706 383 2777 ab
397 2704 605 2778 hominibus
619 2705 657 2777 in
672 2730 783 2778 unam
797 2730 989 2802 personam
1004 2709 1169 2781 coeunti-

123 2817 194 2890 bus
216 2817 295 2890 sine
319 2819 419 2890 omni
446 2819 673 2911 authoritate
700 2819 857 2914 publica.
925 2821 1058 2895 Qualia
1084 2834 1169 2894 sunt

124 2942 329 3026 systemata
342 2930 596 3004 mendicorum
614 2943 652 3004 et
665 2932 799 3021 furum,
818 2957 861 3005 eo
879 2934 952 3006 fine
969 2947 1012 3007 ut
1028 2934 1170 3007 meudi-

123 3054 214 3116 cent
239 3043 480 3139 furenturque
508 3044 746 3118 commodius.
799 3046 920 3118 Etiam
954 3047 1099 3142 privata
1132 3059 1170 3119 et

124 3156 255 3229 illicita
271 3170 359 3230 sunt
376 3169 574 3255 systemata
589 3182 633 3230 ea
649 3159 724 3231 sive
736 3159 984 3233 fraternitates
1002 3162 1169 3233 authori-

124 3279 204 3341 tate
219 3279 374 3342 externa
388 3271 601 3345 constitutae
612 3271 660 3344 ad
670 3273 971 3369 propagationem
984 3273 1168 3346 doctrina-

125 3405 222 3469 rum,
240 3383 298 3455 vel
322 3382 370 3454 ad
395 3382 606 3473 factionem,
621 3396 750 3458 contra
773 3385 930 3458 civitatis
948 3397 1168 3481 potestatem

126 3517 320 3567 summam.

179 3609 387 3705 Systemata
417 3610 643 3706 irregularia,
662 3635 743 3705 quae
779 3635 845 3682 sua
869 3624 1003 3683 natura
1030 3610 1170 3683 foedera

126 3735 273 3794 tantum
288 3734 385 3805 sunt,
405 3735 442 3795 et
460 3723 645 3795 interdum
663 3747 860 3795 concursus
873 3736 1017 3796 tantum
1032 3723 1169 3818 populi,

127 3834 207 3906 sine
225 3847 326 3906 certo
345 3835 511 3927 consilio,
530 3848 567 3907 et
584 3838 662 3907 sine
681 3836 903 3930 obligatione
930 3849 1067 3925 mutua,
1086 3860 1169 3931 pro·

127 3946 299 4019 cedentia
312 3972 335 4018 a
352 3948 431 4019 sola
447 3947 677 4021 voluntatum
690 3973 905 4044 morumque
920 3950 1170 4035 similitudine,

127 4059 230 4132 licita
240 4072 305 4132 aut
317 4060 445 4133 illicita
458 4073 544 4132 sunt
554 4073 664 4155 prout
675 4062 1059 4156 singulorumconsilia
1072 4063 1172 4135 licita

128 4185 217 4244 sunt
230 4173 288 4246 vel
305 4172 443 4246 illicita.
497 4175 698 4246 Consilium
716 4185 839 4246 autem
858 4175 1033 4269 cujusque
1064 4174 1171 4270 quale

130 4286 194 4374 sit,
209 4287 257 4360 ab
275 4287 467 4360 occasione
485 4286 765 4383 intelligendum
783 4300 849 4359 est.

1013 4421 1074 4471 Ns
