2926 4980
313 325 385 391 464
564 341 618 393 nu
639 342 780 395 arcuo
800 320 1103 395 ruurnnaavu.

113 535 190 587 cap,
203 537 297 587 κων,
313 504 437 578 dotem
452 529 633 579 summum
652 520 690 580 et
707 508 801 581 filios
823 510 901 604 ejus
919 532 1148 598 consecrans,
1169 508 1267 584 lavit
1285 510 1364 585 illus

115 619 269 724 „W
311 642 418 713 aqua,
435 643 511 691 non
529 644 625 717 aqua
637 623 842 717 conjurata,
861 621 1014 718 illosque
1032 620 1212 710 amicivit,
1225 636 1267 695 et
1281 624 1363 698 oleo

113 745 266 820 oiptudibu·
310 733 440 817 unxit3
468 745 506 806 et
531 735 735 808 consecrati
761 749 848 808 sunt
868 734 1203 809 administrandum
1234 760 1363 809 coram

113 810 292 919 diffiido
311 845 482 934 Domino,
494 858 536 919 ut
550 848 758 921 sacerdotes
774 881 783 932 ;
802 872 884 943 quae
902 847 1035 921 decora
1051 858 1089 920 et
1105 848 1269 944 simplex
1283 861 1364 923 erat

113 938 283 998 mm
311 959 514 1048 mundatio,
533 971 570 1032 et
600 962 756 1049 ornatio,
774 975 974 1057 antequam
999 984 1061 1034 eos
1078 960 1246 1035 Domino
1263 984 1362 1058 prar-

310 1084 484 1146 sentaret.
522 1072 681 1148 Quando
696 1098 760 1147 rex
773 1075 957 1161 Salomon,
969 1074 1031 1169 qui
1045 1096 1231 1146 summam
1250 1074 1292 1147 iu
1311 1074 1361 1148 Is

310 1186 408 1258 raele
437 1187 597 1259 habebat
631 1198 865 1282 potestatem,
896 1186 1074 1282 templum
1099 1186 1360 1277 consecrabat,

313 1301 347 1391 (l
371 1298 462 1395 Reg.
481 1301 535 1392 8),
557 1301 781 1374 consistebat
810 1325 933 1374 coram
959 1311 1040 1373 toto
1056 1310 1157 1373 coetu
1183 1301 1358 1385 Israelis;

309 1413 465 1486 cuicum
483 1413 740 1502 benedixisset,
759 1415 837 1486 Deo
855 1413 992 1510 gratias
1003 1411 1175 1503 reddidit,
1195 1413 1303 1509 qnod
1319 1414 1357 1487 in

309 1525 472 1598 animum
497 1527 612 1622 patris
639 1527 706 1615 sui,
737 1539 779 1599 ut
809 1527 987 1622 templum
1017 1524 1108 1598 illud
1135 1526 1355 1617 aedificaret,

309 1639 500 1734 posuisset,
524 1640 695 1736 quodque
713 1641 782 1713 sibi
796 1652 837 1713 ut
849 1640 1053 1736 perficeret,
1072 1638 1262 1723 dedisset;
1291 1640 1354 1715 de·

309 1751 394 1826 iuda
413 1754 490 1825 Deo
507 1755 738 1850 precabatur,
749 1754 880 1850 primu,
893 1765 937 1825 ut
949 1752 1097 1826 domum
1108 1753 1222 1844 illam,
1235 1778 1354 1851 quan·

309 1890 419 1961 quam
436 1867 681 1963 magnitudini
701 1867 767 1939 Dei
781 1867 934 1939 infinitae
946 1867 1199 1962 incongruam,
1217 1891 1352 1965 accep

307 1990 416 2065 taret,
442 1994 481 2052 et
511 1980 695 2053 orationes
721 2003 909 2053 servorum
938 2003 1099 2066 suorum,
1127 1979 1190 2073 qui
1228 1980 1269 2052 in
1295 2005 1351 2068 ea,

307 2092 377 2183 vel,
396 2093 427 2166 si
444 2094 613 2166 absentes
632 2107 765 2183 essent,
783 2093 949 2165 conversi
967 2116 1092 2165 versus
1106 2116 1200 2181 eam,
1219 2116 1350 2188 preca-

307 2218 446 2295 rentur,
458 2207 670 2290 exaudiret3
689 2219 886 2302 postremo,
904 2205 1122 2279 sacrificium
1136 2204 1291 2292 obtulit;
1310 2221 1349 2281 et

307 2318 437 2391 domus
464 2319 633 2392 dedicata
650 2331 715 2393 cst.
769 2319 880 2391 Nulla
902 2319 963 2391 hic
989 2327 1068 2391 erat
1083 2342 1242 2413 pompa;
1270 2343 1349 2409 reu,

307 2433 370 2505 ubi
388 2446 475 2506 ante
493 2446 584 2521 erat,
602 2434 653 2505 ibi
679 2434 865 2506 constitit:
893 2433 995 2505 nulla
1019 2456 1114 2527 aqua
1141 2433 1348 2528 conjurata,

306 2569 424 2641 neque
440 2572 625 2643 asperges
640 2573 705 2635 rue,
719 2570 839 2641 neque
857 2546 928 2619 alia
947 2546 1138 2618 verborum
1153 2545 1226 2618 alio
1238 2569 1349 2620 seusu

306 2657 487 2731 dictorum
517 2659 642 2754 inepta
670 2659 889 2754 applicatio;
916 2657 980 2730 sed
1010 2682 1128 2729 sermo
1150 2656 1287 2732 decens
1311 2672 1350 2732 et

305 2772 504 2857 rationalia,
527 2774 579 2845 rei
610 2797 717 2867 quam
743 2774 877 2869 agebat
900 2783 1180 2844 consentaneus.
1234 2773 1347 2847 Quod

306 2884 342 2956 S.
360 2885 382 2957 J
385 2886 547 2958 ohannes
564 2910 697 2981 aquam
713 2887 734 2958 J
738 2885 896 2972 ordanis,
923 2897 987 2957 aut
1004 2884 1190 2979 Philippus
1210 2909 1345 2982 aquam

304 2999 464 3073 fluminis
481 3000 519 3072 iu
539 3026 610 3095 quo
637 3000 855 3072 Eunuchum
883 2998 1095 3094 baptizavit,
1124 2999 1343 3093 conjuravit,

304 3135 485 3206 nusquam
512 3113 691 3208 legimus:
719 3137 837 3208 neque
873 3110 971 3207 quod
996 3122 1121 3207 pastor
1149 3111 1343 3206 quisquam

305 3238 470 3322 tempore
487 3227 747 3322 apostolorum,
766 3227 916 3298 salivam
934 3250 1036 3298 suam
1051 3224 1200 3297 naribus
1217 3249 1342 3320 perso-

303 3363 361 3411 nae
374 3339 603 3434 baptizandae
617 3340 797 3434 apposuit,
809 3338 946 3427 dicem,
962 3338 998 3408 in
1014 3337 1162 3408 odorem
1175 3337 1342 3410 suauita-

304 3453 383 3535 tis;
409 3454 472 3524 ubi
490 3477 608 3549 neque
626 3454 833 3525 ceremonia
850 3452 912 3524 illa
938 3451 1073 3540 salivae,
1094 3462 1247 3547 propter
1274 3451 1341 3524 im-

303 3566 531 3651 munditiem,
549 3590 668 3661 aeque
694 3565 891 3662 applicatio
916 3566 1113 3637 verborum
1139 3586 1340 3655 sacrorum,

302 3689 454 3776 propter
470 3679 667 3767 levitatem,
686 3678 910 3751 authoritate
927 3678 1003 3750 ulla
1020 3675 1167 3750 defendi
1180 3688 1315 3771 potest.

354 3791 412 3863 Ad
429 3790 671 3886 probandum,
690 3790 788 3886 quod
806 3790 937 3862 auimae
955 3815 977 3862 a
996 3789 1210 3884 corporibus
1235 3814 1340 3887 sepa-

302 3915 394 3976 ratae
411 3903 537 3975 vivaut
554 3903 591 3975 in
610 3915 800 3990 aeternum,
819 3926 892 3974 non
920 3901 1036 3974 solum
1054 3901 1186 3974 animae
1203 3901 1340 3975 electo-

302 4041 395 4107 rum,
416 4017 537 4111 gratia
564 4016 723 4112 speciali,
746 4014 810 4087 sed
842 4015 953 4087 etiam
977 4017 1229 4110 reproborum,
1256 4039 1340 4112 pro-

301 4130 457 4226 prietate
476 4131 642 4202 esseutiae
659 4131 829 4202 humanae
855 4128 1077 4217 adhaerente,
1104 4139 1188 4200 sunt
1215 4137 1340 4201 textus

300 4244 462 4340 quidam,
480 4244 543 4339 qui
559 4244 677 4338 primo
696 4243 833 4315 intuitu
850 4243 1015 4316 sufficere
1033 4241 1149 4314 videri
1172 4253 1337 4336 possunt.
