2926 4980
524 324 579 376 ns
600 324 783 376 nonius.
1119 308 1168 375 49

121 488 204 561 sive
236 488 491 565 inclinationes
522 515 599 565 non
628 505 714 565 sunt
747 491 975 575 voluntates;
1010 489 1041 564 si
1072 492 1170 564 enim
1212 526 1351 576 cim,

121 613 264 691 essent,
280 625 406 677 omnes
432 604 598 677 actiones
620 603 728 677 simul
751 617 876 677 essent
898 616 937 676 et
953 603 1169 677 voluntariae
1182 606 1351 728 „off

123 726 162 788 et
178 714 448 789 involuntariae.
1180 737 1272 781 surm
1281 740 1354 779 aaa.

174 827 417 902 Manifestum
443 829 531 903 hinc
560 842 615 903 est
640 830 864 903 voluntarias
898 831 1063 906 actiones
1088 854 1168 905 esse

123 964 200 1015 non
217 941 330 1016 modo
356 967 430 1030 eas,
448 967 531 1039 quae
547 943 728 1040 incipiunt
756 944 803 1015 ab
830 944 997 1039 appetitu
1013 944 1167 1047 alicujus

1180 799 1306 852 voluntarii,
1316 805 1357 843 ere.

125 1053 192 1142 rei,
205 1053 272 1127 sed
288 1053 401 1127 etiam
418 1055 511 1144 illas,
523 1080 605 1152 quae
618 1056 901 1152 proficiscuntur
917 1057 964 1129 ab
977 1057 1166 1131 aversione

126 1166 223 1240 vela
244 1179 350 1240 metu
373 1178 570 1240 eventuum
600 1170 664 1266 qui
689 1179 963 1265 consequuntur
987 1169 1077 1243 facti
1101 1170 1167 1243 ali-

126 1282 231 1378 cujus
248 1281 496 1356 omissionem.

175 1395 358 1469 Formulae
375 1395 563 1484 sermonis,
578 1396 710 1492 quibus
721 1395 908 1492 passiones
922 1395 1167 1486 declarantur,

125 1507 261 1604 partim
280 1508 418 1583 eaedem
442 1521 529 1582 sunt
546 1509 676 1605 quibus
694 1510 783 1584 alias
802 1510 1049 1606 significamus
1067 1511 1168 1606 cogi-

125 1621 295 1695 tationes.
356 1623 404 1695 Ilt
437 1622 556 1718 primo
585 1624 789 1718 generatim
819 1623 1006 1720 passiones
1041 1647 1167 1696 omnes

124 1734 283 1830 proferri
308 1747 464 1831 possunt
491 1734 719 1819 iudicatioe;
744 1748 787 1810 ut
810 1761 904 1824 amo,
922 1748 1059 1825 metuo,
1077 1761 1168 1833 gau-

126 1846 209 1937 deo,
227 1847 401 1938 delibero,
418 1846 515 1936 volo,
534 1859 604 1921 etc.
656 1849 752 1922 Sunt
782 1859 906 1922 autem
930 1849 1063 1944 aliquae
1086 1874 1168 1945 quae

124 1984 210 2034 suas
232 1961 372 2034 habent
397 1961 619 2057 prolationes
640 1961 709 2035 sibi
723 1961 914 2057 proprias;
942 1986 1024 2057 quae
1041 1975 1167 2036 tamen

126 2075 388 2149 affirmationes
411 2099 487 2148 nou
508 2087 604 2164 sunt,
619 2074 690 2148 nisi
704 2075 851 2171 quando
868 2075 1072 2149 inserviunt
1088 2076 1167 2149 illa-

124 2189 298 2262 tionibus.
350 2189 575 2263 Deliberatio
600 2188 794 2285 ,profertur
824 2188 1065 2284 subjunctive,
1100 2189 1166 2283 qui

125 2304 257 2378 modus
269 2304 440 2401 proprius
450 2316 506 2379 est
515 2306 804 2402 suppositionum
822 2331 845 2378 a
857 2306 988 2401 quibus
1000 2305 1167 2379 ducimus

126 2418 408 2515 consequentias
423 2450 433 2503 ;
451 2430 505 2508 ut,
518 2419 554 2492 u·
566 2419 732 2514 hocfict,
751 2430 837 2492 tuuc
853 2429 1031 2518 aequetur
1045 2418 1146 2491 illud
1153 2446 1168 2502 ‚-

128 2555 196 2604 nec
223 2531 347 2604 differt
377 2555 401 2604 a
427 2556 594 2607 sermone
620 2532 877 2621 ratiocinandi,
904 2533 975 2605 nisi
1002 2531 1101 2626 quod
1130 2533 1168 2604 in

129 2644 410 2718 ratiocinatione
426 2646 635 2719 nominibus
658 2646 796 2720 utimur
815 2646 1079 2719 universalibus
1095 2676 1104 2730 ;
1130 2645 1169 2718 in

129 2756 405 2847 deliberatione,
423 2758 637 2854 plerumque
651 2759 908 2856 singularibus.
962 2759 1089 2832 Sermo
1107 2783 1170 2832 cu-

129 2871 292 2969 piditatis
305 2884 344 2945 et
357 2873 557 2947 aversionis
571 2885 628 2946 est
643 2873 911 2972 imperativam
936 2884 990 2962 ut,
1008 2873 1170 2971 dorsuo,

130 2984 178 3058 ab
196 2986 264 3058 lucc
277 2985 451 3071 ebutium
477 3011 560 3084 quae
577 2988 690 3060 verba
705 2987 754 3060 ad
769 2987 871 3061 illum
890 2987 953 3083 qui
970 2988 1018 3062 ad
1033 2988 1170 3061 facien-

131 3098 217 3171 dum
231 3100 291 3173 vel
307 3100 566 3174 abstinendum
577 3101 772 3198 obligatur,
787 3101 1000 3175 mandatum
1014 3101 1170 3185 dicitur;

128 3212 454 3308 alioqui,precatio
468 3214 526 3287 vel
539 3214 742 3287 consilium.
778 3214 905 3287 Sermo
915 3240 1020 3289 vanae
1031 3215 1170 3311 gloriae,

132 3325 219 3398 item
236 3324 501 3422 indignationis
514 3338 552 3400 et
562 3325 824 3400 misericordiae
835 3327 1061 3424 aliarumque
1080 3328 1172 3399 mul-

132 3437 712 3534 tarnmeupiditatum‚sermoest
725 3440 924 3538 optativus.
952 3439 1173 3536 Cupiditatis

132 3561 254 3624 autem
272 3551 523 3647 cognoscendi
541 3576 660 3626 sermo
677 3552 870 3649 peculiaris
888 3564 944 3625 est
961 3553 1174 3650 iuterroga-

133 3665 254 3748 tious3
280 3677 325 3737 ut
360 3664 463 3750 Quid
493 3671 584 3740 est?
638 3666 795 3752 Quando
826 3666 935 3740 erit?
989 3665 1175 3751 Quomodo

119 3777 383 3876 factumest?
413 3777 516 3862 Quid
531 3780 623 3853 itu?
653 3779 864 3853 Passionum
883 3803 1068 3852 sermones
1086 3780 1176 3853 alios

133 3917 207 3966 non
240 3892 397 3988 reperio.
458 3894 668 3966 Jurationes
702 3894 799 3966 euim
826 3892 1174 3989 maledictionesque

135 4019 172 4080 et
189 4004 351 4079 convitia
370 4006 556 4101 passiones
574 4031 648 4079 nou
676 4006 886 4102 significant
910 4018 952 4078 ut
968 4007 1091 4094 verba,
1113 4006 1178 4079 sed

134 4131 176 4193 ut
192 4119 355 4192 actiones
369 4119 464 4193 male
481 4131 635 4193 moratae
651 4120 796 4216 linguae.

183 4232 365 4306 Formulae
400 4233 457 4305 hae
488 4234 773 4330 significationes
805 4233 953 4328 quidem
980 4246 1066 4306 sunt
1097 4258 1180 4330 pas-

234 4367 324 4418 vor..
341 4366 403 4417 ιιι.
1056 4367 1080 4417 ιι
