2926 4980
319 349 387 415 102
706 364 760 416 nu
781 362 964 415 nummu.

119 565 196 614 car.
208 565 286 615 xru.
315 530 463 627 prietas‚
482 529 621 602 nullum
638 553 760 602 meum
773 539 838 603 aut
854 546 972 618 tuum,
986 529 1052 602 sed
1063 539 1107 602 ut
1123 528 1215 601 illud
1231 529 1358 603 unius-

103 647 273 761 affl
316 644 494 740 cujusque
505 642 564 728 sit,
576 642 674 737 quod
687 641 891 737 acquisivit,
902 653 941 715 at
951 642 1126 738 quamdiu
1140 666 1358 716 conservare

102 783 188 839 generis
197 781 297 857 humaui,
316 768 450 854 potest.

102 851 297 956 fflssffl
367 872 489 966 Atque
506 868 587 941 haeo
604 867 787 940 sufficiant
797 866 896 941 diota
913 866 959 939 de
969 868 1180 942 conditione
1196 869 1359 941 humana

103 977 283 1033 maai..
316 1007 416 1057 mere
432 980 613 1064 naturali;
641 1005 664 1053 a
680 1005 754 1077 qua
769 991 893 1053 tamen
908 980 1044 1076 partim
1061 1004 1084 1053 a
1100 982 1254 1071 ratione,
1271 1006 1358 1078 par-

314 1098 382 1172 tim
400 1096 511 1169 etiam
527 1119 550 1168 a
565 1094 795 1191 passionibus
813 1093 961 1167 liberari
978 1094 1110 1190 potuit.

365 1211 556 1285 Passiones
566 1209 699 1305 quibus
715 1208 881 1282 homines
899 1206 945 1279 ad
962 1231 1091 1303 pacem
1108 1207 1259 1304 perduci
1272 1231 1357 1303 pos·

315 1336 412 1413 sunt,
443 1334 530 1396 sunt
560 1335 689 1407 metus,
726 1318 930 1416 praesertim
960 1343 1046 1393 vero
1077 1333 1197 1394 metus
1225 1320 1358 1393 mortis

314 1437 497 1525 violentae,
508 1447 547 1509 et
564 1434 745 1531 cupiditas
762 1458 885 1506 rerum
902 1433 951 1506 ad
966 1433 1060 1507 bene
1076 1434 1274 1507 vivendum
1292 1458 1357 1507 ne-

315 1548 568 1634 cessariarum,
582 1560 619 1620 et
637 1570 718 1643 spes
735 1571 801 1643 per
818 1546 1036 1619 industriam
1054 1548 1134 1621 illas
1152 1547 1355 1622 obtinendi.

314 1664 418 1738 Pacis
435 1675 559 1735 autem
577 1660 751 1736 articulos
770 1660 948 1757 quosdam
964 1663 1128 1758 suggerit
1148 1662 1254 1752 ratio,
1273 1687 1357 1759 quae

314 1778 414 1873 leges
437 1789 523 1850 sunt
549 1775 756 1858 naturales;
783 1773 829 1846 de
856 1774 989 1869 quibus
1005 1774 1120 1849 fusius
1137 1776 1300 1850 dicemus
1316 1776 1356 1849 in

316 1891 457 1964 duobus
475 1888 655 1986 capitibus
672 1887 839 1984 proxime
857 1887 1105 1983 sequentibus.

693 2204 855 2277 CAPUT
879 2203 981 2278 XIV.

376 2367 423 2416 uu
442 2366 579 2416 nunnus
598 2366 718 2414 aarum
737 2365 883 2413 sacrans
902 2363 1159 2429 aususausus,
1178 2365 1223 2414 ar
1241 2365 1288 2414 ua

698 2465 975 2516 couraacrmns

312 2571 333 2643 J
337 2592 388 2643 us
407 2570 575 2643 naturale
592 2581 648 2642 est
669 2568 832 2658 libertas,
851 2592 961 2663 quarn
978 2568 1089 2641 habet
1105 2568 1355 2665 unusquisque

312 2682 479 2779 potentia
495 2706 561 2755 sua
577 2681 625 2754 ad
642 2691 784 2754 naturae
802 2705 877 2754 suae
887 2682 1203 2754 conservationem
1217 2705 1284 2754 suo
1295 2706 1355 2754 ar-

311 2795 423 2869 bitrio
437 2794 576 2884 utendi,
595 2807 633 2868 et
648 2819 716 2891 per
740 2818 965 2890 consequeus
984 2795 1047 2868 illa
1064 2795 1198 2884 omnia,
1210 2817 1292 2890 quae
1310 2819 1356 2869 eo

312 2908 534 2981 videbuntur
550 2908 714 2997 tendere,
732 2907 901 2980 faciendi.

364 3023 432 3095 Per
448 3020 654 3094 libertatem
676 3020 842 3116 intelligo
868 3019 923 3112 (id
940 3019 1041 3116 quod
1058 3043 1102 3092 ea
1117 3044 1190 3094 vox
1206 3021 1355 3116 proprie

313 3134 511 3230 significat)
528 3146 762 3207 externorum
776 3133 1121 3230 impedimentorum
1138 3134 1352 3208 absentiam.

362 3249 414 3321 At
430 3247 489 3321 lex
506 3247 683 3320 naturalis
699 3260 925 3344 praeceptum
943 3258 998 3321 est
1011 3248 1086 3320 sive
1103 3248 1231 3344 regula
1242 3270 1353 3344 geue-

314 3362 399 3435 ralis
425 3362 568 3435 ratione
592 3361 810 3458 excogitata,
829 3386 902 3457 qua
918 3361 1170 3458 unusquisque
1187 3361 1237 3450 id,
1255 3362 1354 3459 quod

313 3475 361 3548 ad
379 3475 552 3548 damnum
564 3499 669 3548 suum
682 3474 750 3548 sibi
765 3474 915 3548 tendere
926 3474 1122 3564 videbitur,
1135 3474 1256 3548 facere
1268 3499 1354 3572 pro-

312 3589 471 3662 hibetur.
510 3588 590 3662 Etsi
604 3600 726 3661 autem
741 3589 926 3662 vocabulis
934 3589 1004 3683 jus
1017 3598 1054 3660 et
1071 3588 1133 3660 lea
1146 3588 1354 3684 promiscue

312 3725 563 3798 saepenumero
580 3713 733 3775 utantur
745 3703 953 3799 scriptores
966 3703 1141 3799 distingui
1157 3715 1282 3777 tamen
1293 3705 1354 3778 de-

311 3815 411 3888 bent.
465 3814 643 3888 Consistit
660 3815 757 3887 enim
776 3816 845 3910 jos
867 3815 905 3887 in
921 3814 1079 3887 faciendi
1096 3816 1155 3889 vel
1172 3840 1247 3890 non
1263 3817 1353 3891 faci·

312 3927 397 4000 endi
414 3927 606 4011 libertate;
634 3927 699 4000 sed
716 3927 778 4000 lea
796 3926 843 4002 ad
859 3927 1068 4001 faciendum
1081 3930 1288 4026 obligatvel
1305 3931 1353 4003 ad

311 4065 386 4113 non
404 4041 622 4114 faciendum.
675 4042 803 4137 Itaque
828 4042 888 4136 jus
916 4053 954 4113 et
981 4040 1041 4113 lex
1059 4041 1233 4116 differunt
1247 4055 1291 4116 ut
1308 4043 1351 4116 li-

311 4154 435 4226 bertas
451 4165 488 4227 et
505 4153 692 4251 obligatio,
712 4178 793 4250 quae
811 4155 909 4228 circa
926 4155 1080 4228 eandam
1098 4179 1175 4229 rem
1193 4168 1279 4230 suut
1295 4156 1351 4228 in·

313 4268 564 4342 consistentes.
1335 4274 1339 4283 '
