<?xml version="1.0" encoding="UTF-8"?>
<!DOCTYPE html PUBLIC "-//W3C//DTD XHTML 1.0 Transitional//EN"
    "http://www.w3.org/TR/xhtml1/DTD/xhtml1-transitional.dtd">
<html xmlns="http://www.w3.org/1999/xhtml" xml:lang="en" lang="en">
 <head>
  <title>
</title>
<meta http-equiv="Content-Type" content="text/html;charset=utf-8" />
  <meta name='ocr-system' content='tesseract 3.04.00' />
  <meta name='ocr-capabilities' content='ocr_page ocr_carea ocr_par ocr_line ocrx_word'/>
</head>
<body>
  <div class='ocr_page' id='page_1' title='image "./thomhobbesmalme02hobbgoog_0509.png"; bbox 0 0 2926 4980; ppageno 0'>
   <div class='ocr_carea' id='block_1_1' title="bbox 281 308 1082 375">
    <p class='ocr_par' dir='ltr' id='par_1_1' title="bbox 281 308 1082 375">
     <span class='ocr_line' id='line_1_1' title="bbox 281 308 1082 375; baseline 0.001 -1"><span class='ocrx_word' id='word_1_1' title='bbox 281 308 352 374; x_wconf 82' lang='lat'><strong>546</strong></span> <span class='ocrx_word' id='word_1_2' title='bbox 514 321 729 374; x_wconf 76' lang='lat' dir='ltr'><strong>nrrnnnrx</strong></span> <span class='ocrx_word' id='word_1_3' title='bbox 747 321 803 373; x_wconf 74' lang='lat' dir='ltr'><strong>ao</strong></span> <span class='ocrx_word' id='word_1_4' title='bbox 822 321 1082 375; x_wconf 79' lang='lat' dir='ltr'><strong>unvrarnan.</strong></span> 
     </span>
    </p>
   </div>
   <div class='ocr_carea' id='block_1_2' title="bbox 106 487 1344 4436">
    <p class='ocr_par' dir='ltr' id='par_1_2' title="bbox 106 487 1344 4436">
     <span class='ocr_line' id='line_1_2' title="bbox 106 487 1344 580; baseline 0 -18"><span class='ocrx_word' id='word_1_5' title='bbox 106 524 231 576; x_wconf 60' lang='lat' dir='ltr'><strong>cm,</strong></span> <span class='ocrx_word' id='word_1_6' title='bbox 280 488 456 563; x_wconf 89' lang='lat' dir='ltr'><strong>habentes</strong></span> <span class='ocrx_word' id='word_1_7' title='bbox 482 488 664 561; x_wconf 89' lang='lat' dir='ltr'><strong>rationem</strong></span> <span class='ocrx_word' id='word_1_8' title='bbox 688 487 737 561; x_wconf 92' lang='lat' dir='ltr'><strong>ad</strong></span> <span class='ocrx_word' id='word_1_9' title='bbox 766 489 982 580; x_wconf 77' lang='lat' dir='ltr'><strong>religionem</strong></span> <span class='ocrx_word' id='word_1_10' title='bbox 1007 489 1048 562; x_wconf 93' lang='lat' dir='ltr'><strong>in</strong></span> <span class='ocrx_word' id='word_1_11' title='bbox 1066 488 1257 562; x_wconf 86' lang='lat' dir='ltr'><strong>Romano</strong></span> <span class='ocrx_word' id='word_1_12' title='bbox 1276 489 1344 562; x_wconf 87' lang='lat' dir='ltr'><strong>im-</strong></span> 
     </span>
     <span class='ocr_line' id='line_1_3' title="bbox 106 601 1340 714; baseline 0.002 -40"><span class='ocrx_word' id='word_1_13' title='bbox 106 609 238 714; x_wconf 47' lang='lat' dir='ltr'>ffi</span> <span class='ocrx_word' id='word_1_14' title='bbox 279 603 382 699; x_wconf 90' lang='lat' dir='ltr'><strong>perio</strong></span> <span class='ocrx_word' id='word_1_15' title='bbox 400 602 610 691; x_wconf 81' lang='lat' dir='ltr'><strong>stabilitam,</strong></span> <span class='ocrx_word' id='word_1_16' title='bbox 635 626 742 698; x_wconf 91' lang='lat' dir='ltr'><strong>quam</strong></span> <span class='ocrx_word' id='word_1_17' title='bbox 761 602 910 675; x_wconf 87' lang='lat' dir='ltr'><strong>haeresis</strong></span> <span class='ocrx_word' id='word_1_18' title='bbox 931 601 1042 676; x_wconf 88' lang='lat' dir='ltr'><strong>hodie</strong></span> <span class='ocrx_word' id='word_1_19' title='bbox 1060 603 1112 676; x_wconf 88' lang='lat' dir='ltr'><strong>ad</strong></span> <span class='ocrx_word' id='word_1_20' title='bbox 1130 602 1340 677; x_wconf 86' lang='lat' dir='ltr'><strong>ecclesiam</strong></span> 
     </span>
     <span class='ocr_line' id='line_1_4' title="bbox 222 704 1340 812; baseline 0.004 -25"><span class='ocrx_word' id='word_1_21' title='bbox 222 704 228 714; x_wconf 53' lang='lat'><strong>⁹</strong></span> <span class='ocrx_word' id='word_1_22' title='bbox 280 715 510 789; x_wconf 77' lang='lat' dir='ltr'><strong>catholicam.</strong></span> <span class='ocrx_word' id='word_1_23' title='bbox 563 717 715 789; x_wconf 89' lang='lat' dir='ltr'><strong>Gravius</strong></span> <span class='ocrx_word' id='word_1_24' title='bbox 732 729 858 789; x_wconf 89' lang='lat' dir='ltr'><strong>autem</strong></span> <span class='ocrx_word' id='word_1_25' title='bbox 873 715 1063 812; x_wconf 85' lang='lat' dir='ltr'><strong>aliquanto</strong></span> <span class='ocrx_word' id='word_1_26' title='bbox 1082 728 1143 791; x_wconf 86' lang='lat' dir='ltr'><strong>est</strong></span> <span class='ocrx_word' id='word_1_27' title='bbox 1174 717 1340 791; x_wconf 84' lang='lat' dir='ltr'><strong>Christi-</strong></span> 
     </span>
     <span class='ocr_line' id='line_1_5' title="bbox 279 827 1277 924; baseline 0.001 -22"><span class='ocrx_word' id='word_1_28' title='bbox 279 854 369 902; x_wconf 87' lang='lat' dir='ltr'><strong>anos</strong></span> <span class='ocrx_word' id='word_1_29' title='bbox 385 854 408 902; x_wconf 90' lang='lat' dir='ltr'><strong>a</strong></span> <span class='ocrx_word' id='word_1_30' title='bbox 426 829 654 914; x_wconf 89' lang='lat' dir='ltr'><strong>Christianis,</strong></span> <span class='ocrx_word' id='word_1_31' title='bbox 672 852 783 924; x_wconf 90' lang='lat' dir='ltr'><strong>quam</strong></span> <span class='ocrx_word' id='word_1_32' title='bbox 801 830 847 902; x_wconf 88' lang='lat' dir='ltr'><strong>ab</strong></span> <span class='ocrx_word' id='word_1_33' title='bbox 864 827 1075 902; x_wconf 90' lang='lat' dir='ltr'><strong>infidelibus</strong></span> <span class='ocrx_word' id='word_1_34' title='bbox 1092 830 1277 904; x_wconf 85' lang='lat' dir='ltr'><strong>cruciari.</strong></span> 
     </span>
     <span class='ocr_line' id='line_1_6' title="bbox 328 941 1336 1040; baseline 0 -25"><span class='ocrx_word' id='word_1_35' title='bbox 328 944 377 1016; x_wconf 90' lang='lat' dir='ltr'><strong>B.</strong></span> <span class='ocrx_word' id='word_1_36' title='bbox 405 944 509 1017; x_wconf 89' lang='lat' dir='ltr'><strong>Idem</strong></span> <span class='ocrx_word' id='word_1_37' title='bbox 525 942 672 1016; x_wconf 87' lang='lat' dir='ltr'><strong>videtur</strong></span> <span class='ocrx_word' id='word_1_38' title='bbox 698 941 853 1016; x_wconf 90' lang='lat' dir='ltr'><strong>etmihi.</strong></span> <span class='ocrx_word' id='word_1_39' title='bbox 906 941 980 1015; x_wconf 88' lang='lat' dir='ltr'><strong>Sed</strong></span> <span class='ocrx_word' id='word_1_40' title='bbox 996 953 1125 1015; x_wconf 89' lang='lat' dir='ltr'><strong>tamen</strong></span> <span class='ocrx_word' id='word_1_41' title='bbox 1144 942 1188 1015; x_wconf 91' lang='lat' dir='ltr'><strong>in</strong></span> <span class='ocrx_word' id='word_1_42' title='bbox 1207 945 1336 1040; x_wconf 81' lang='lat' dir='ltr'><strong>regnis</strong></span> 
     </span>
     <span class='ocr_line' id='line_1_7' title="bbox 280 1054 1335 1153; baseline 0.001 -23"><span class='ocrx_word' id='word_1_43' title='bbox 280 1068 318 1130; x_wconf 91' lang='lat' dir='ltr'><strong>et</strong></span> <span class='ocrx_word' id='word_1_44' title='bbox 330 1056 606 1153; x_wconf 89' lang='lat' dir='ltr'><strong>rebuspublicis,</strong></span> <span class='ocrx_word' id='word_1_45' title='bbox 623 1066 665 1128; x_wconf 91' lang='lat' dir='ltr'><strong>ut</strong></span> <span class='ocrx_word' id='word_1_46' title='bbox 682 1055 805 1128; x_wconf 90' lang='lat' dir='ltr'><strong>cautio</strong></span> <span class='ocrx_word' id='word_1_47' title='bbox 822 1054 1040 1128; x_wconf 89' lang='lat' dir='ltr'><strong>adhibeatur</strong></span> <span class='ocrx_word' id='word_1_48' title='bbox 1056 1078 1108 1129; x_wconf 90' lang='lat' dir='ltr'><strong>ne</strong></span> <span class='ocrx_word' id='word_1_49' title='bbox 1124 1056 1335 1131; x_wconf 80' lang='lat' dir='ltr'><strong>seditiones</strong></span> 
     </span>
     <span class='ocr_line' id='line_1_8' title="bbox 278 1167 1331 1256; baseline -0.001 -12"><span class='ocrx_word' id='word_1_50' title='bbox 278 1182 317 1244; x_wconf 91' lang='lat' dir='ltr'><strong>et</strong></span> <span class='ocrx_word' id='word_1_51' title='bbox 332 1171 429 1244; x_wconf 89' lang='lat' dir='ltr'><strong>bella</strong></span> <span class='ocrx_word' id='word_1_52' title='bbox 441 1169 563 1242; x_wconf 90' lang='lat' dir='ltr'><strong>civilia</strong></span> <span class='ocrx_word' id='word_1_53' title='bbox 573 1167 750 1256; x_wconf 90' lang='lat' dir='ltr'><strong>oriantur,</strong></span> <span class='ocrx_word' id='word_1_54' title='bbox 766 1167 977 1241; x_wconf 91' lang='lat' dir='ltr'><strong>omnimodo</strong></span> <span class='ocrx_word' id='word_1_55' title='bbox 990 1169 1251 1243; x_wconf 85' lang='lat' dir='ltr'><strong>necessarium</strong></span> <span class='ocrx_word' id='word_1_56' title='bbox 1263 1183 1331 1245; x_wconf 86' lang='lat' dir='ltr'><strong>est.</strong></span> 
     </span>
     <span class='ocr_line' id='line_1_9' title="bbox 280 1281 1331 1376; baseline 0.002 -20"><span class='ocrx_word' id='word_1_57' title='bbox 280 1284 373 1357; x_wconf 80' lang='lat' dir='ltr'><strong>Qnae</strong></span> <span class='ocrx_word' id='word_1_58' title='bbox 391 1307 475 1355; x_wconf 90' lang='lat' dir='ltr'><strong>cum</strong></span> <span class='ocrx_word' id='word_1_59' title='bbox 492 1281 689 1376; x_wconf 85' lang='lat' dir='ltr'><strong>saepissime</strong></span> <span class='ocrx_word' id='word_1_60' title='bbox 702 1297 901 1354; x_wconf 90' lang='lat' dir='ltr'><strong>nascantur</strong></span> <span class='ocrx_word' id='word_1_61' title='bbox 917 1306 941 1355; x_wconf 91' lang='lat' dir='ltr'><strong>a</strong></span> <span class='ocrx_word' id='word_1_62' title='bbox 957 1281 1176 1356; x_wconf 87' lang='lat' dir='ltr'><strong>diversitate</strong></span> <span class='ocrx_word' id='word_1_63' title='bbox 1190 1284 1331 1358; x_wconf 89' lang='lat' dir='ltr'><strong>doctri-</strong></span> 
     </span>
     <span class='ocr_line' id='line_1_10' title="bbox 278 1394 1329 1492; baseline 0.007 -26"><span class='ocrx_word' id='word_1_64' title='bbox 278 1417 408 1467; x_wconf 87' lang='lat' dir='ltr'><strong>narum</strong></span> <span class='ocrx_word' id='word_1_65' title='bbox 426 1408 465 1467; x_wconf 90' lang='lat' dir='ltr'><strong>et</strong></span> <span class='ocrx_word' id='word_1_66' title='bbox 490 1394 826 1467; x_wconf 86' lang='lat' dir='ltr'><strong>concertationibus</strong></span> <span class='ocrx_word' id='word_1_67' title='bbox 848 1394 894 1468; x_wconf 90' lang='lat' dir='ltr'><strong>de</strong></span> <span class='ocrx_word' id='word_1_68' title='bbox 912 1395 1072 1490; x_wconf 86' lang='lat' dir='ltr'><strong>ingenio,</strong></span> <span class='ocrx_word' id='word_1_69' title='bbox 1092 1420 1211 1492; x_wconf 84' lang='lat' dir='ltr'><strong>poena</strong></span> <span class='ocrx_word' id='word_1_70' title='bbox 1228 1410 1329 1472; x_wconf 90' lang='lat' dir='ltr'><strong>certe</strong></span> 
     </span>
     <span class='ocr_line' id='line_1_11' title="bbox 278 1506 1329 1603; baseline 0.006 -24"><span class='ocrx_word' id='word_1_71' title='bbox 278 1507 401 1602; x_wconf 90' lang='lat' dir='ltr'><strong>aliqua</strong></span> <span class='ocrx_word' id='word_1_72' title='bbox 427 1506 480 1578; x_wconf 93' lang='lat' dir='ltr'><strong>illi</strong></span> <span class='ocrx_word' id='word_1_73' title='bbox 506 1506 700 1579; x_wconf 92' lang='lat' dir='ltr'><strong>coercendi</strong></span> <span class='ocrx_word' id='word_1_74' title='bbox 728 1518 826 1596; x_wconf 92' lang='lat' dir='ltr'><strong>sunt,</strong></span> <span class='ocrx_word' id='word_1_75' title='bbox 853 1508 914 1603; x_wconf 89' lang='lat' dir='ltr'><strong>qui</strong></span> <span class='ocrx_word' id='word_1_76' title='bbox 943 1508 982 1580; x_wconf 91' lang='lat' dir='ltr'><strong>in</strong></span> <span class='ocrx_word' id='word_1_77' title='bbox 1006 1509 1254 1584; x_wconf 89' lang='lat' dir='ltr'><strong>concionibus</strong></span> <span class='ocrx_word' id='word_1_78' title='bbox 1270 1511 1329 1584; x_wconf 84' lang='lat' dir='ltr'><strong>vel</strong></span> 
     </span>
     <span class='ocr_line' id='line_1_12' title="bbox 277 1618 1326 1717; baseline 0.006 -25"><span class='ocrx_word' id='word_1_79' title='bbox 277 1619 379 1692; x_wconf 89' lang='lat' dir='ltr'><strong>libris</strong></span> <span class='ocrx_word' id='word_1_80' title='bbox 405 1643 450 1693; x_wconf 91' lang='lat' dir='ltr'><strong>ea</strong></span> <span class='ocrx_word' id='word_1_81' title='bbox 475 1618 620 1707; x_wconf 88' lang='lat' dir='ltr'><strong>docent,</strong></span> <span class='ocrx_word' id='word_1_82' title='bbox 639 1644 721 1717; x_wconf 88' lang='lat' dir='ltr'><strong>quac</strong></span> <span class='ocrx_word' id='word_1_83' title='bbox 739 1619 864 1693; x_wconf 90' lang='lat' dir='ltr'><strong>doceri</strong></span> <span class='ocrx_word' id='word_1_84' title='bbox 882 1621 1090 1717; x_wconf 89' lang='lat' dir='ltr'><strong>principum</strong></span> <span class='ocrx_word' id='word_1_85' title='bbox 1117 1634 1157 1695; x_wconf 90' lang='lat' dir='ltr'><strong>et</strong></span> <span class='ocrx_word' id='word_1_86' title='bbox 1184 1647 1326 1697; x_wconf 90' lang='lat' dir='ltr'><strong>rerum-</strong></span> 
     </span>
     <span class='ocr_line' id='line_1_13' title="bbox 277 1732 1325 1834; baseline 0.008 -30"><span class='ocrx_word' id='word_1_87' title='bbox 277 1732 507 1828; x_wconf 89' lang='lat' dir='ltr'><strong>publicarum</strong></span> <span class='ocrx_word' id='word_1_88' title='bbox 536 1733 679 1829; x_wconf 87' lang='lat' dir='ltr'><strong>legibus</strong></span> <span class='ocrx_word' id='word_1_89' title='bbox 706 1733 960 1829; x_wconf 88' lang='lat' dir='ltr'><strong>prohibentur.</strong></span> <span class='ocrx_word' id='word_1_90' title='bbox 1013 1734 1149 1830; x_wconf 91' lang='lat' dir='ltr'><strong>ltaque</strong></span> <span class='ocrx_word' id='word_1_91' title='bbox 1179 1736 1325 1834; x_wconf 82' lang='lat' dir='ltr'><strong>Angliae</strong></span> 
     </span>
     <span class='ocr_line' id='line_1_14' title="bbox 278 1846 1323 1942; baseline 0.007 -24"><span class='ocrx_word' id='word_1_92' title='bbox 278 1847 405 1942; x_wconf 85' lang='lat' dir='ltr'><strong>regina</strong></span> <span class='ocrx_word' id='word_1_93' title='bbox 435 1846 661 1934; x_wconf 87' lang='lat' dir='ltr'><strong>Elizabetha,</strong></span> <span class='ocrx_word' id='word_1_94' title='bbox 691 1847 811 1919; x_wconf 91' lang='lat' dir='ltr'><strong>sorori</strong></span> <span class='ocrx_word' id='word_1_95' title='bbox 841 1846 970 1919; x_wconf 89' lang='lat' dir='ltr'><strong>Mariae</strong></span> <span class='ocrx_word' id='word_1_96' title='bbox 1005 1847 1226 1939; x_wconf 87' lang='lat' dir='ltr'><strong>succedens,</strong></span> <span class='ocrx_word' id='word_1_97' title='bbox 1257 1852 1323 1924; x_wconf 88' lang='lat' dir='ltr'><strong>snb</strong></span> 
     </span>
     <span class='ocr_line' id='line_1_15' title="bbox 277 1959 1321 2057; baseline 0.006 -24"><span class='ocrx_word' id='word_1_98' title='bbox 277 1984 351 2056; x_wconf 90' lang='lat' dir='ltr'><strong>qua</strong></span> <span class='ocrx_word' id='word_1_99' title='bbox 367 1961 475 2035; x_wconf 90' lang='lat' dir='ltr'><strong>multi</strong></span> <span class='ocrx_word' id='word_1_100' title='bbox 502 1961 666 2034; x_wconf 87' lang='lat' dir='ltr'><strong>haeretici</strong></span> <span class='ocrx_word' id='word_1_101' title='bbox 682 1960 865 2034; x_wconf 90' lang='lat' dir='ltr'><strong>combusti</strong></span> <span class='ocrx_word' id='word_1_102' title='bbox 882 1971 978 2050; x_wconf 89' lang='lat' dir='ltr'><strong>suut,</strong></span> <span class='ocrx_word' id='word_1_103' title='bbox 999 1959 1085 2054; x_wconf 89' lang='lat' dir='ltr'><strong>(nec</strong></span> <span class='ocrx_word' id='word_1_104' title='bbox 1103 1960 1190 2057; x_wconf 90' lang='lat' dir='ltr'><strong>ipsa</strong></span> <span class='ocrx_word' id='word_1_105' title='bbox 1204 1963 1321 2038; x_wconf 86' lang='lat' dir='ltr'><strong>Eliza-</strong></span> 
     </span>
     <span class='ocr_line' id='line_1_16' title="bbox 276 2073 1317 2173; baseline 0.004 -28"><span class='ocrx_word' id='word_1_106' title='bbox 276 2073 389 2146; x_wconf 90' lang='lat' dir='ltr'><strong>betha</strong></span> <span class='ocrx_word' id='word_1_107' title='bbox 414 2073 493 2147; x_wconf 90' lang='lat' dir='ltr'><strong>sine</strong></span> <span class='ocrx_word' id='word_1_108' title='bbox 520 2073 684 2169; x_wconf 91' lang='lat' dir='ltr'><strong>periculo</strong></span> <span class='ocrx_word' id='word_1_109' title='bbox 711 2075 823 2165; x_wconf 91' lang='lat' dir='ltr'><strong>erat),</strong></span> <span class='ocrx_word' id='word_1_110' title='bbox 841 2087 995 2170; x_wconf 89' lang='lat' dir='ltr'><strong>accepto</strong></span> <span class='ocrx_word' id='word_1_111' title='bbox 1022 2096 1156 2170; x_wconf 86' lang='lat' dir='ltr'><strong>reguo,</strong></span> <span class='ocrx_word' id='word_1_112' title='bbox 1179 2077 1238 2173; x_wconf 87' lang='lat' dir='ltr'><strong>jus</strong></span> <span class='ocrx_word' id='word_1_113' title='bbox 1259 2098 1317 2149; x_wconf 89' lang='lat' dir='ltr'><strong>re-</strong></span> 
     </span>
     <span class='ocr_line' id='line_1_17' title="bbox 276 2185 1316 2281; baseline 0.004 -23"><span class='ocrx_word' id='word_1_114' title='bbox 276 2185 407 2281; x_wconf 86' lang='lat' dir='ltr'><strong>gendae</strong></span> <span class='ocrx_word' id='word_1_115' title='bbox 429 2186 592 2258; x_wconf 87' lang='lat' dir='ltr'><strong>ecclesiae</strong></span> <span class='ocrx_word' id='word_1_116' title='bbox 608 2185 835 2281; x_wconf 83' lang='lat' dir='ltr'><strong>Anglicanae,</strong></span> <span class='ocrx_word' id='word_1_117' title='bbox 859 2187 943 2281; x_wconf 88' lang='lat' dir='ltr'><strong>jure</strong></span> <span class='ocrx_word' id='word_1_118' title='bbox 970 2185 1131 2259; x_wconf 89' lang='lat' dir='ltr'><strong>naturali</strong></span> <span class='ocrx_word' id='word_1_119' title='bbox 1153 2188 1316 2262; x_wconf 91' lang='lat' dir='ltr'><strong>omnibus</strong></span> 
     </span>
     <span class='ocr_line' id='line_1_18' title="bbox 277 2298 1318 2395; baseline 0.005 -24"><span class='ocrx_word' id='word_1_120' title='bbox 277 2300 424 2395; x_wconf 84' lang='lat' dir='ltr'><strong>regibus</strong></span> <span class='ocrx_word' id='word_1_121' title='bbox 441 2300 480 2372; x_wconf 90' lang='lat' dir='ltr'><strong>in</strong></span> <span class='ocrx_word' id='word_1_122' title='bbox 498 2300 573 2373; x_wconf 92' lang='lat' dir='ltr'><strong>suis</strong></span> <span class='ocrx_word' id='word_1_123' title='bbox 591 2298 763 2372; x_wconf 90' lang='lat' dir='ltr'><strong>dominiis</strong></span> <span class='ocrx_word' id='word_1_124' title='bbox 782 2298 959 2390; x_wconf 90' lang='lat' dir='ltr'><strong>debitum,</strong></span> <span class='ocrx_word' id='word_1_125' title='bbox 976 2310 1063 2372; x_wconf 86' lang='lat' dir='ltr'><strong>ante</strong></span> <span class='ocrx_word' id='word_1_126' title='bbox 1080 2301 1221 2388; x_wconf 87' lang='lat' dir='ltr'><strong>omnia,</strong></span> <span class='ocrx_word' id='word_1_127' title='bbox 1238 2326 1318 2376; x_wconf 93' lang='lat' dir='ltr'><strong>con-</strong></span> 
     </span>
     <span class='ocr_line' id='line_1_19' title="bbox 278 2411 1321 2508; baseline 0.005 -23"><span class='ocrx_word' id='word_1_128' title='bbox 278 2437 388 2486; x_wconf 88' lang='lat' dir='ltr'><strong>sensu</strong></span> <span class='ocrx_word' id='word_1_129' title='bbox 417 2436 612 2508; x_wconf 91' lang='lat' dir='ltr'><strong>procerum</strong></span> <span class='ocrx_word' id='word_1_130' title='bbox 642 2425 681 2484; x_wconf 92' lang='lat' dir='ltr'><strong>et</strong></span> <span class='ocrx_word' id='word_1_131' title='bbox 707 2411 846 2508; x_wconf 92' lang='lat' dir='ltr'><strong>populi,</strong></span> <span class='ocrx_word' id='word_1_132' title='bbox 878 2412 1047 2485; x_wconf 89' lang='lat' dir='ltr'><strong>omnibns</strong></span> <span class='ocrx_word' id='word_1_133' title='bbox 1073 2415 1321 2508; x_wconf 82' lang='lat' dir='ltr'><strong>potestatibus</strong></span> 
     </span>
     <span class='ocr_line' id='line_1_20' title="bbox 260 2525 1321 2623; baseline 0.004 -24"><span class='ocrx_word' id='word_1_134' title='bbox 260 2526 461 2600; x_wconf 79' lang='lat' dir='ltr'><strong>‘extraneis</strong></span> <span class='ocrx_word' id='word_1_135' title='bbox 474 2526 636 2599; x_wconf 88' lang='lat' dir='ltr'><strong>ecclesiae</strong></span> <span class='ocrx_word' id='word_1_136' title='bbox 647 2525 863 2621; x_wconf 84' lang='lat' dir='ltr'><strong>Anglicanae</strong></span> <span class='ocrx_word' id='word_1_137' title='bbox 876 2537 1129 2623; x_wconf 89' lang='lat' dir='ltr'><strong>suprematum</strong></span> <span class='ocrx_word' id='word_1_138' title='bbox 1144 2529 1299 2603; x_wconf 89' lang='lat' dir='ltr'><strong>abstulit</strong></span> <span class='ocrx_word' id='word_1_139' title='bbox 1312 2563 1321 2615; x_wconf 90' lang='lat'>;</span> 
     </span>
     <span class='ocr_line' id='line_1_21' title="bbox 277 2639 1324 2740; baseline 0.004 -26"><span class='ocrx_word' id='word_1_140' title='bbox 277 2654 315 2715; x_wconf 90' lang='lat' dir='ltr'><strong>et</strong></span> <span class='ocrx_word' id='word_1_141' title='bbox 341 2640 695 2713; x_wconf 86' lang='lat' dir='ltr'><strong>administrationem</strong></span> <span class='ocrx_word' id='word_1_142' title='bbox 718 2639 881 2735; x_wconf 90' lang='lat' dir='ltr'><strong>ejusdem</strong></span> <span class='ocrx_word' id='word_1_143' title='bbox 909 2640 976 2712; x_wconf 92' lang='lat' dir='ltr'><strong>sub</strong></span> <span class='ocrx_word' id='word_1_144' title='bbox 1003 2640 1122 2735; x_wconf 91' lang='lat' dir='ltr'><strong>seipsa</strong></span> <span class='ocrx_word' id='word_1_145' title='bbox 1140 2642 1324 2740; x_wconf 88' lang='lat' dir='ltr'><strong>episcopis</strong></span> 
     </span>
     <span class='ocr_line' id='line_1_22' title="bbox 278 2754 1324 2854; baseline 0.007 -29"><span class='ocrx_word' id='word_1_146' title='bbox 278 2755 363 2841; x_wconf 91' lang='lat' dir='ltr'><strong>suis,</strong></span> <span class='ocrx_word' id='word_1_147' title='bbox 378 2778 452 2826; x_wconf 90' lang='lat' dir='ltr'><strong>nna</strong></span> <span class='ocrx_word' id='word_1_148' title='bbox 466 2779 550 2826; x_wconf 89' lang='lat' dir='ltr'><strong>cum</strong></span> <span class='ocrx_word' id='word_1_149' title='bbox 567 2754 693 2849; x_wconf 87' lang='lat' dir='ltr'><strong>paucis</strong></span> <span class='ocrx_word' id='word_1_150' title='bbox 711 2778 756 2826; x_wconf 88' lang='lat' dir='ltr'><strong>ex</strong></span> <span class='ocrx_word' id='word_1_151' title='bbox 774 2755 926 2827; x_wconf 90' lang='lat' dir='ltr'><strong>consilio</strong></span> <span class='ocrx_word' id='word_1_152' title='bbox 945 2778 1010 2826; x_wconf 91' lang='lat' dir='ltr'><strong>suo</strong></span> <span class='ocrx_word' id='word_1_153' title='bbox 1025 2754 1188 2850; x_wconf 90' lang='lat' dir='ltr'><strong>privato,</strong></span> <span class='ocrx_word' id='word_1_154' title='bbox 1206 2757 1324 2854; x_wconf 90' lang='lat' dir='ltr'><strong>diplo-</strong></span> 
     </span>
     <span class='ocr_line' id='line_1_23' title="bbox 276 2867 1322 2963; baseline 0.006 -24"><span class='ocrx_word' id='word_1_155' title='bbox 276 2880 374 2939; x_wconf 89' lang='lat' dir='ltr'><strong>mate</strong></span> <span class='ocrx_word' id='word_1_156' title='bbox 393 2868 459 2939; x_wconf 90' lang='lat' dir='ltr'><strong>sub</strong></span> <span class='ocrx_word' id='word_1_157' title='bbox 487 2867 611 2963; x_wconf 83' lang='lat' dir='ltr'><strong>sigillo</strong></span> <span class='ocrx_word' id='word_1_158' title='bbox 632 2892 767 2963; x_wconf 85' lang='lat' dir='ltr'><strong>magno</strong></span> <span class='ocrx_word' id='word_1_159' title='bbox 785 2868 930 2963; x_wconf 85' lang='lat' dir='ltr'><strong>Angliae</strong></span> <span class='ocrx_word' id='word_1_160' title='bbox 956 2868 1139 2942; x_wconf 90' lang='lat' dir='ltr'><strong>commisit</strong></span> <span class='ocrx_word' id='word_1_161' title='bbox 1165 2882 1206 2943; x_wconf 93' lang='lat' dir='ltr'><strong>et</strong></span> <span class='ocrx_word' id='word_1_162' title='bbox 1235 2896 1322 2945; x_wconf 91' lang='lat' dir='ltr'><strong>con-</strong></span> 
     </span>
     <span class='ocr_line' id='line_1_24' title="bbox 275 2981 1323 3080; baseline 0.005 -28"><span class='ocrx_word' id='word_1_163' title='bbox 275 2981 447 3053; x_wconf 88' lang='lat' dir='ltr'><strong>firmavit.</strong></span> <span class='ocrx_word' id='word_1_164' title='bbox 484 2982 528 3053; x_wconf 90' lang='grc'><strong>111</strong></span> <span class='ocrx_word' id='word_1_165' title='bbox 547 3005 618 3075; x_wconf 91' lang='lat' dir='ltr'><strong>quo</strong></span> <span class='ocrx_word' id='word_1_166' title='bbox 637 2981 838 3077; x_wconf 90' lang='lat' dir='ltr'><strong>diplomate</strong></span> <span class='ocrx_word' id='word_1_167' title='bbox 852 2983 1135 3076; x_wconf 79' lang='lat' dir='ltr'><strong>provisumerat</strong></span> <span class='ocrx_word' id='word_1_168' title='bbox 1148 3007 1323 3080; x_wconf 88' lang='lat' dir='ltr'><strong>nequam</strong></span> 
     </span>
     <span class='ocr_line' id='line_1_25' title="bbox 276 3093 1324 3193; baseline 0.005 -26"><span class='ocrx_word' id='word_1_169' title='bbox 276 3095 483 3167; x_wconf 88' lang='lat' dir='ltr'><strong>doctrinam</strong></span> <span class='ocrx_word' id='word_1_170' title='bbox 501 3093 713 3166; x_wconf 88' lang='lat' dir='ltr'><strong>haereticam</strong></span> <span class='ocrx_word' id='word_1_171' title='bbox 726 3118 804 3166; x_wconf 90' lang='lat' dir='ltr'><strong>esse</strong></span> <span class='ocrx_word' id='word_1_172' title='bbox 828 3095 1124 3189; x_wconf 86' lang='lat' dir='ltr'><strong>pronuntiarent,</strong></span> <span class='ocrx_word' id='word_1_173' title='bbox 1143 3120 1228 3193; x_wconf 83' lang='lat' dir='ltr'><strong>quae</strong></span> <span class='ocrx_word' id='word_1_174' title='bbox 1246 3094 1324 3172; x_wconf 81' lang='grc'><strong>1111·</strong></span> 
     </span>
     <span class='ocr_line' id='line_1_26' title="bbox 276 3206 1322 3308; baseline 0.005 -28"><span class='ocrx_word' id='word_1_175' title='bbox 276 3208 392 3281; x_wconf 90' lang='lat' dir='ltr'><strong>retica</strong></span> <span class='ocrx_word' id='word_1_176' title='bbox 419 3206 604 3279; x_wconf 84' lang='lat' dir='ltr'><strong>declarata</strong></span> <span class='ocrx_word' id='word_1_177' title='bbox 629 3231 702 3278; x_wconf 90' lang='lat' dir='ltr'><strong>non</strong></span> <span class='ocrx_word' id='word_1_178' title='bbox 728 3207 857 3280; x_wconf 87' lang='lat' dir='ltr'><strong>fuisset</strong></span> <span class='ocrx_word' id='word_1_179' title='bbox 875 3207 913 3278; x_wconf 94' lang='lat' dir='ltr'><strong>in</strong></span> <span class='ocrx_word' id='word_1_180' title='bbox 938 3208 1060 3303; x_wconf 89' lang='lat' dir='ltr'><strong>aliquo</strong></span> <span class='ocrx_word' id='word_1_181' title='bbox 1077 3233 1220 3300; x_wconf 87' lang='lat' dir='ltr'><strong>eorum,</strong></span> <span class='ocrx_word' id='word_1_182' title='bbox 1239 3236 1322 3308; x_wconf 86' lang='lat' dir='ltr'><strong>quae</strong></span> 
     </span>
     <span class='ocr_line' id='line_1_27' title="bbox 277 3320 1320 3418; baseline 0.007 -26"><span class='ocrx_word' id='word_1_183' title='bbox 277 3320 364 3408; x_wconf 85' lang='lat' dir='ltr'><strong>dixi,</strong></span> <span class='ocrx_word' id='word_1_184' title='bbox 391 3320 639 3393; x_wconf 88' lang='lat' dir='ltr'><strong>Conciliorum</strong></span> <span class='ocrx_word' id='word_1_185' title='bbox 667 3334 827 3415; x_wconf 90' lang='lat' dir='ltr'><strong>quatuor</strong></span> <span class='ocrx_word' id='word_1_186' title='bbox 851 3321 1053 3416; x_wconf 91' lang='lat' dir='ltr'><strong>primorum</strong></span> <span class='ocrx_word' id='word_1_187' title='bbox 1076 3325 1320 3418; x_wconf 87' lang='lat' dir='ltr'><strong>generalium.</strong></span> 
     </span>
     <span class='ocr_line' id='line_1_28' title="bbox 276 3433 1322 3530; baseline 0.005 -23"><span class='ocrx_word' id='word_1_188' title='bbox 276 3436 406 3530; x_wconf 89' lang='lat' dir='ltr'><strong>ltaque</strong></span> <span class='ocrx_word' id='word_1_189' title='bbox 420 3434 519 3529; x_wconf 91' lang='lat' dir='ltr'><strong>qnod</strong></span> <span class='ocrx_word' id='word_1_190' title='bbox 537 3433 671 3506; x_wconf 87' lang='lat' dir='ltr'><strong>attinet</strong></span> <span class='ocrx_word' id='word_1_191' title='bbox 688 3433 735 3505; x_wconf 89' lang='lat' dir='ltr'><strong>ad</strong></span> <span class='ocrx_word' id='word_1_192' title='bbox 751 3434 919 3523; x_wconf 88' lang='lat' dir='ltr'><strong>haereses,</strong></span> <span class='ocrx_word' id='word_1_193' title='bbox 934 3444 1051 3507; x_wconf 92' lang='lat' dir='ltr'><strong>status</strong></span> <span class='ocrx_word' id='word_1_194' title='bbox 1069 3437 1233 3510; x_wconf 87' lang='lat' dir='ltr'><strong>ecclesiae</strong></span> <span class='ocrx_word' id='word_1_195' title='bbox 1243 3440 1322 3512; x_wconf 87' lang='lat' dir='ltr'><strong>An-</strong></span> 
     </span>
     <span class='ocr_line' id='line_1_29' title="bbox 274 3546 1321 3643; baseline 0.007 -24"><span class='ocrx_word' id='word_1_196' title='bbox 274 3548 428 3643; x_wconf 84' lang='lat' dir='ltr'><strong>glicanae</strong></span> <span class='ocrx_word' id='word_1_197' title='bbox 446 3546 572 3619; x_wconf 90' lang='lat' dir='ltr'><strong>similis</strong></span> <span class='ocrx_word' id='word_1_198' title='bbox 595 3559 675 3619; x_wconf 89' lang='lat' dir='ltr'><strong>erat</strong></span> <span class='ocrx_word' id='word_1_199' title='bbox 692 3548 769 3642; x_wconf 89' lang='lat' dir='ltr'><strong>ejus</strong></span> <span class='ocrx_word' id='word_1_200' title='bbox 788 3548 852 3643; x_wconf 93' lang='lat' dir='ltr'><strong>qui</strong></span> <span class='ocrx_word' id='word_1_201' title='bbox 870 3561 949 3620; x_wconf 90' lang='lat' dir='ltr'><strong>erat</strong></span> <span class='ocrx_word' id='word_1_202' title='bbox 963 3549 1126 3622; x_wconf 87' lang='lat' dir='ltr'><strong>ecclesiae</strong></span> <span class='ocrx_word' id='word_1_203' title='bbox 1141 3550 1321 3626; x_wconf 86' lang='lat' dir='ltr'><strong>Romanae</strong></span> 
     </span>
     <span class='ocr_line' id='line_1_30' title="bbox 275 3659 1320 3762; baseline 0.005 -28"><span class='ocrx_word' id='word_1_204' title='bbox 275 3663 342 3734; x_wconf 90' lang='lat' dir='ltr'><strong>sub</strong></span> <span class='ocrx_word' id='word_1_205' title='bbox 372 3661 615 3734; x_wconf 90' lang='lat' dir='ltr'><strong>Constantino</strong></span> <span class='ocrx_word' id='word_1_206' title='bbox 647 3659 812 3755; x_wconf 65' lang='lat' dir='ltr'><strong>Magum</strong></span> <span class='ocrx_word' id='word_1_207' title='bbox 848 3673 886 3732; x_wconf 89' lang='lat' dir='ltr'><strong>et</strong></span> <span class='ocrx_word' id='word_1_208' title='bbox 916 3661 967 3733; x_wconf 92' lang='lat' dir='ltr'><strong>sic</strong></span> <span class='ocrx_word' id='word_1_209' title='bbox 995 3663 1173 3735; x_wconf 89' lang='lat' dir='ltr'><strong>remansit</strong></span> <span class='ocrx_word' id='word_1_210' title='bbox 1202 3688 1320 3762; x_wconf 89' lang='lat' dir='ltr'><strong>usque</strong></span> 
     </span>
     <span class='ocr_line' id='line_1_31' title="bbox 275 3773 1320 3875; baseline 0.006 -28"><span class='ocrx_word' id='word_1_211' title='bbox 275 3775 323 3848; x_wconf 90' lang='lat' dir='ltr'><strong>ad</strong></span> <span class='ocrx_word' id='word_1_212' title='bbox 348 3799 485 3846; x_wconf 90' lang='lat' dir='ltr'><strong>annum</strong></span> <span class='ocrx_word' id='word_1_213' title='bbox 514 3773 695 3845; x_wconf 91' lang='lat' dir='ltr'><strong>decimum</strong></span> <span class='ocrx_word' id='word_1_214' title='bbox 723 3774 920 3869; x_wconf 88' lang='lat' dir='ltr'><strong>septimum</strong></span> <span class='ocrx_word' id='word_1_215' title='bbox 946 3775 1043 3870; x_wconf 87' lang='lat' dir='ltr'><strong>regis</strong></span> <span class='ocrx_word' id='word_1_216' title='bbox 1064 3775 1187 3850; x_wconf 90' lang='lat' dir='ltr'><strong>Caroli</strong></span> <span class='ocrx_word' id='word_1_217' title='bbox 1205 3779 1235 3867; x_wconf 92' lang='lat' dir='ltr'><strong>I,</strong></span> <span class='ocrx_word' id='word_1_218' title='bbox 1254 3780 1320 3875; x_wconf 90' lang='lat' dir='ltr'><strong>qui</strong></span> 
     </span>
     <span class='ocr_line' id='line_1_32' title="bbox 275 3888 1318 3989; baseline 0.004 -27"><span class='ocrx_word' id='word_1_219' title='bbox 275 3888 506 3962; x_wconf 90' lang='lat' dir='ltr'><strong>subditorum</strong></span> <span class='ocrx_word' id='word_1_220' title='bbox 531 3911 693 3975; x_wconf 90' lang='lat' dir='ltr'><strong>suorum,</strong></span> <span class='ocrx_word' id='word_1_221' title='bbox 714 3899 855 3959; x_wconf 90' lang='lat' dir='ltr'><strong>tantam</strong></span> <span class='ocrx_word' id='word_1_222' title='bbox 881 3898 1101 3983; x_wconf 88' lang='lat' dir='ltr'><strong>potestatem</strong></span> <span class='ocrx_word' id='word_1_223' title='bbox 1125 3889 1318 3989; x_wconf 90' lang='lat' dir='ltr'><strong>episcopo-</strong></span> 
     </span>
     <span class='ocr_line' id='line_1_33' title="bbox 275 3998 1319 4099; baseline 0.006 -25"><span class='ocrx_word' id='word_1_224' title='bbox 275 4027 356 4075; x_wconf 91' lang='lat' dir='ltr'><strong>rum</strong></span> <span class='ocrx_word' id='word_1_225' title='bbox 374 4027 450 4074; x_wconf 92' lang='lat' dir='ltr'><strong>non</strong></span> <span class='ocrx_word' id='word_1_226' title='bbox 467 4000 676 4088; x_wconf 84' lang='lat' dir='ltr'><strong>ferentium,</strong></span> <span class='ocrx_word' id='word_1_227' title='bbox 695 4001 865 4095; x_wconf 88' lang='lat' dir='ltr'><strong>precibus</strong></span> <span class='ocrx_word' id='word_1_228' title='bbox 878 3998 955 4071; x_wconf 86' lang='lat' dir='ltr'><strong>fere</strong></span> <span class='ocrx_word' id='word_1_229' title='bbox 974 4011 1135 4090; x_wconf 89' lang='lat' dir='ltr'><strong>coactus,</strong></span> <span class='ocrx_word' id='word_1_230' title='bbox 1151 4002 1319 4099; x_wconf 86' lang='lat' dir='ltr'><strong>diploma</strong></span> 
     </span>
     <span class='ocr_line' id='line_1_34' title="bbox 274 4112 1318 4214; baseline 0.004 -26"><span class='ocrx_word' id='word_1_231' title='bbox 274 4116 364 4188; x_wconf 91' lang='lat' dir='ltr'><strong>illud</strong></span> <span class='ocrx_word' id='word_1_232' title='bbox 382 4113 604 4187; x_wconf 83' lang='lat' dir='ltr'><strong>Elizabethae</strong></span> <span class='ocrx_word' id='word_1_233' title='bbox 629 4113 826 4202; x_wconf 90' lang='lat' dir='ltr'><strong>revocavit,</strong></span> <span class='ocrx_word' id='word_1_234' title='bbox 844 4112 974 4185; x_wconf 89' lang='lat' dir='ltr'><strong>relicta</strong></span> <span class='ocrx_word' id='word_1_235' title='bbox 996 4113 1175 4211; x_wconf 90' lang='lat' dir='ltr'><strong>episcopis</strong></span> <span class='ocrx_word' id='word_1_236' title='bbox 1193 4130 1318 4214; x_wconf 91' lang='lat' dir='ltr'><strong>potes-</strong></span> 
     </span>
     <span class='ocr_line' id='line_1_35' title="bbox 275 4224 1315 4320; baseline 0.005 -21"><span class='ocrx_word' id='word_1_237' title='bbox 275 4238 351 4299; x_wconf 89' lang='lat' dir='ltr'><strong>tate</strong></span> <span class='ocrx_word' id='word_1_238' title='bbox 375 4240 519 4299; x_wconf 91' lang='lat' dir='ltr'><strong>tantum</strong></span> <span class='ocrx_word' id='word_1_239' title='bbox 543 4225 740 4312; x_wconf 90' lang='lat' dir='ltr'><strong>ordinaria,</strong></span> <span class='ocrx_word' id='word_1_240' title='bbox 761 4224 935 4298; x_wconf 90' lang='lat' dir='ltr'><strong>nimirum</strong></span> <span class='ocrx_word' id='word_1_241' title='bbox 958 4224 1117 4300; x_wconf 89' lang='lat' dir='ltr'><strong>faciendi</strong></span> <span class='ocrx_word' id='word_1_242' title='bbox 1144 4253 1315 4320; x_wconf 89' lang='lat' dir='ltr'><strong>canones,</strong></span> 
     </span>
     <span class='ocr_line' id='line_1_36' title="bbox 277 4338 1264 4436; baseline 0.004 -24"><span class='ocrx_word' id='word_1_243' title='bbox 277 4341 339 4436; x_wconf 91' lang='lat' dir='ltr'><strong>qui</strong></span> <span class='ocrx_word' id='word_1_244' title='bbox 357 4338 609 4413; x_wconf 87' lang='lat' dir='ltr'><strong>consentiente</strong></span> <span class='ocrx_word' id='word_1_245' title='bbox 626 4361 713 4434; x_wconf 87' lang='lat' dir='ltr'><strong>rege</strong></span> <span class='ocrx_word' id='word_1_246' title='bbox 729 4338 830 4435; x_wconf 84' lang='lat' dir='ltr'><strong>leges</strong></span> <span class='ocrx_word' id='word_1_247' title='bbox 846 4339 978 4412; x_wconf 88' lang='lat' dir='ltr'><strong>fierent</strong></span> <span class='ocrx_word' id='word_1_248' title='bbox 995 4340 1264 4415; x_wconf 76' lang='lat' dir='ltr'><strong>ecclesiasticae.</strong></span> 
     </span>
    </p>
   </div>
   <div class='ocr_carea' id='block_1_3' title="bbox 0 0 1468 4980">
    <p class='ocr_par' dir='ltr' id='par_1_3' title="bbox 0 0 1468 4980">
     <span class='ocr_line' id='line_1_37' title="bbox 0 0 1468 4980; baseline 0 1"><span class='ocrx_word' id='word_1_249' title='bbox 0 0 1468 4980; x_wconf 95' lang='lat' dir='ltr'><strong> </strong></span> 
     </span>
    </p>
   </div>
  </div>
 </body>
</html>
