2926 4980
528 382 581 433 nu
603 382 811 434 crvrrsmr.
1118 365 1191 430 233

151 572 265 646 agens
278 560 419 645 peccet,
437 559 631 644 propterea
649 548 748 644 quod
764 549 952 621 actionum
969 569 1118 619 suarum
1135 568 1192 616 re·
1206 579 1283 628 ρχχ,
1300 579 1399 627 χχιχ,

150 663 275 758 gulam
305 661 415 734 aliam
443 685 517 734 nou
542 661 655 734 habet
675 673 810 757 praeter
827 684 932 733 suam
949 659 1062 787 ipsius
1080 657 1191 730 ratio·
1206 661 1376 766 „ss

151 801 261 859 nem;
288 775 395 847 aliter
420 788 544 848 tamen
570 800 609 848 se
636 799 694 847 res
712 774 850 847 habet
841 799 879 846 m
897 774 954 862 iis,
972 797 1036 870 qm
1025 771 1191 868 legibus
1203 784 1398 897 {imm

151 889 320 962 civilibus
346 912 425 961 sese
456 889 724 961 submiserunt:
760 888 824 960 ubi
851 911 926 959 non
952 887 1107 982 privata,
1125 884 1191 958 sed
1203 848 1250 957 li..
1236 919 1303 970 mque
1321 912 1350 955 u
1364 912 1406 954 aa

150 1002 299 1099 publica
314 1002 374 1074 lex
391 1003 590 1097 unicuique
608 1002 680 1074 civi
697 1025 764 1096 pro
779 1000 1005 1073 conscientia
1022 993 1228 1071 habenda⁸⁰
1204 978 1333 1022 ¹⁰¹⁰¹³⁰¹¹⁶¹³
1349 977 1405 1034 ‘³¹¹²‘

152 1128 219 1188 est.
272 1115 459 1209 Alioqui,
450 1138 488 1185 m
506 1126 611 1186 tanta
635 1113 954 1199 conscientiarum,
973 1111 1010 1184 id
1029 1123 1095 1199 est,
1114 1110 1192 1206 opi-

152 1229 303 1301 nionum
320 1228 546 1323 privatarum
564 1227 753 1313 varietate,
771 1225 976 1297 necessario
996 1225 1124 1296 civitas
1139 1223 1194 1295 di·

151 1343 319 1425 videtur;
347 1365 416 1413 neo
442 1365 593 1413 summae
619 1340 793 1436 potestati
820 1338 967 1411 obediet
985 1337 1190 1434 quisquam,

152 1454 223 1527 nisi
241 1467 420 1550 quatenus
439 1454 585 1526 sibimet
602 1454 671 1548 ipsi
688 1453 808 1524 visum
826 1452 907 1524 erit.

200 1568 327 1640 Tertia
340 1581 406 1656 est,
419 1568 518 1663 qnod
532 1568 685 1640 docetur
696 1566 818 1662 vulgo,
825 1565 946 1660 fidem
958 1575 995 1638 et
1006 1564 1192 1637 sanctitu-

153 1690 225 1752 tem
243 1681 392 1778 ocquiri
409 1682 535 1754 studio
561 1691 598 1753 et
624 1680 773 1753 ratione
798 1705 869 1752 non
892 1703 1021 1778 posse,
1045 1678 1117 1751 sed
1130 1703 1192 1750 su-

145 1792 454 1889 pernaturaliter
472 1794 683 1891 inspiratas
703 1793 763 1865 vel
787 1793 934 1890 irp‘nsos
951 1816 1045 1864 esse.
1099 1792 1193 1865 Quae

152 1906 183 1979 si
200 1906 436 1991 concedatur,
454 1931 528 1979 non
546 1906 652 1979 video
671 1930 784 2003 quare
810 1906 897 1979 fidei
918 1931 993 1979 suae
1011 1908 1191 1979 rationem

153 2020 345 2115 quisquam
381 2019 535 2092 reddere
569 2032 782 2103 teneretur;
826 2032 891 2093 aut
926 2045 992 2092 cur
1025 2020 1192 2093 homines

152 2133 352 2206 Christiani
378 2159 450 2207 non
484 2147 604 2207 essent
634 2158 760 2207 omnes
789 2135 1002 2230 prophetae;
1038 2134 1097 2205 vel
1126 2157 1193 2205 cur

152 2247 400 2342 unusquisque
422 2247 697 2343 inspirationem
723 2247 910 2342 propriam
936 2247 1077 2342 legibus
1104 2246 1191 2318 civi-

153 2360 240 2432 tatis
271 2385 345 2433 non
376 2375 631 2456 praeponeret;
667 2361 705 2433 id
734 2360 832 2456 quod
857 2361 991 2432 iterum
1019 2372 1075 2431 est
1093 2358 1192 2455 judi-

154 2473 250 2545 cium
269 2474 355 2545 boni
373 2486 410 2546 et
427 2475 513 2546 mali
532 2474 600 2546 sibi
619 2497 803 2569 arrogare,
830 2473 1081 2568 neglectisque
1104 2472 1193 2545 civi-

153 2587 239 2658 tatis
259 2586 412 2681 legibus,
431 2587 611 2682 regendos
630 2611 668 2660 se
693 2587 857 2682 praebere
875 2586 921 2658 ab
939 2585 1090 2658 arbitrio
1106 2610 1193 2681 pro-

152 2699 246 2795 prio,
272 2700 329 2771 vel
355 2700 510 2772 aliorum
536 2701 762 2796 privatorum
789 2700 979 2772 hominum
998 2700 1061 2793 qui
1079 2723 1118 2771 se
1135 2723 1193 2771 su-

152 2811 438 2907 pernaturaliter
455 2813 652 2908 inspiratos
676 2836 755 2884 esse
779 2813 1034 2884 mentirentur.
1086 2811 1194 2884 Fides

153 2925 199 2997 ab
217 2924 344 2997 auditu
370 2926 557 3010 nascitur;
585 2924 732 2997 auditus
761 2935 884 2997 autem
907 2925 1193 3021 uniuscujusque

152 3063 175 3110 a
198 3038 306 3109 rebus
333 3038 630 3132 contingentibus
656 3050 723 3125 est,
751 3038 883 3133 quibus
906 3039 944 3111 in
960 3040 1193 3134 praesentiam

153 3174 292 3238 eorum,
320 3175 413 3246 quos
440 3152 566 3224 audire
592 3152 681 3224 utile
709 3164 776 3239 est,
795 3153 1045 3226 conducimur.
1099 3153 1193 3226 Quae

152 3288 210 3336 res
240 3265 508 3360 contingentes,
541 3278 708 3361 respectu
738 3268 867 3354 nostri,
893 3292 915 3338 a
941 3265 1094 3338 consilio
1123 3267 1192 3339 Dei

153 3377 435 3474 proficiscuntur
450 3411 458 3461 ;
478 3404 552 3451 non
568 3391 653 3451 sunt
666 3389 790 3451 tamen
808 3379 1111 3474 supernaturales,
1128 3378 1193 3452 sed

152 3503 297 3563 tantum
314 3504 465 3586 propter
488 3493 761 3565 multitudinem
788 3516 862 3564 non
888 3492 996 3564 facile
1023 3493 1192 3564 observa-

152 3605 255 3677 biles.
308 3606 414 3678 Fides
433 3617 470 3678 et
487 3608 663 3680 sanctitas
682 3606 752 3678 etsi
779 3629 882 3694 rarae,
910 3630 985 3677 non
1006 3603 1089 3676 ideo
1107 3617 1194 3678 suut

151 3718 339 3807 miracula,
357 3718 422 3791 sed
438 3721 644 3815 procedunt
669 3719 714 3790 ab
741 3717 970 3806 educatione,
989 3716 1192 3813 disciplina,

153 3833 391 3917 correctione,
405 3834 557 3929 aliisque
576 3833 693 3904 causis
708 3831 935 3904 naturalibus
949 3831 1079 3926 quibus
1093 3832 1193 3903 Deus

151 3945 268 4018 utitur
284 3946 322 4016 in
340 3946 422 4032 illis,
449 3969 539 4040 quos
566 3945 687 4040 elegit,
715 3969 787 4039 quo
806 3956 969 4040 tempore
987 3944 1056 4038 ipsi
1074 3946 1192 4016 visum

153 4071 221 4147 est,
240 4059 473 4132 instruendis.

204 4172 427 4266 Repugnans
446 4171 664 4242 obedientiae
682 4170 779 4242 civili
798 4170 966 4243 doctrina
980 4183 1111 4265 quarta
1124 4183 1192 4258 est,

154 4283 302 4381 legibus·
321 4284 491 4356 ciuilibus
509 4283 695 4356 ocbditum
710 4309 792 4356 esse
808 4284 922 4371 illum,
941 4284 1005 4380 qui
1019 4309 1194 4356 stemmam
