2926 4980
251 950 331 1031 DE
362 949 637 1032 CIVITATE
668 950 1044 1033 CHRISTlANA.

474 1431 633 1504 CAPUT
658 1431 820 1504 XXXII.

292 1601 338 1649 DE
358 1602 526 1652 POLlTlCAE
541 1603 765 1652 CHRlSTlANAE
784 1603 979 1652 rnlncwlls,

127 1717 356 1789 Hucrnnus
376 1741 599 1790 summarum
618 1714 842 1812 potestatum
855 1721 941 1813 jura
957 1716 1162 1812 civiumque
1174 1705 1373 1795 cuax'xxn.

125 1829 244 1902 officia
261 1854 283 1902 a
298 1830 487 1926 principiis
505 1855 595 1927 pure
622 1831 847 1904 naturalibus
872 1830 1030 1904 deducta
1052 1843 1162 1916 sunt;
1202 1823 1345 1940 Μ

124 1941 344 2015 nimiruma
381 1941 652 2015 definitionibus
679 1944 944 2016 ,vocabulorum
983 1966 1163 2016 consensu
1204 1946 1336 2058 Clgiglff·

125 2054 315 2127 hominum
333 2055 556 2151 approbatis.
586 2054 658 2128 Sed
671 2055 719 2128 ad
733 2081 787 2145 ea,
806 2080 888 2151 qnae
906 2055 1061 2129 dicenda
1077 2067 1164 2129 sunt
1202 2025 1236 2071 ΡΠ
1273 2027 1322 2072 ⁹⁸²

125 2167 170 2240 de
198 2181 331 2241 natura
358 2181 395 2242 et
418 2170 561 2265 juribus
589 2169 756 2243 civitatis
785 2169 1024 2259 Christianae,
1060 2169 1163 2263 eujus

124 2281 286 2377 cognitio
306 2281 488 2378 dependet
514 2307 647 2378 magna
665 2295 832 2379 exparte
850 2307 872 2354 a
888 2281 1087 2354 voluntatis
1104 2280 1159 2353 di-

124 2393 219 2467 vinae
252 2394 534 2468 revelationibus
570 2393 919 2491 supernaturalibus,
952 2392 1160 2467 adhibenda

124 2521 210 2579 sunt
226 2507 406 2603 principia
422 2508 504 2596 alia,
523 2531 665 2603 nempe,
683 2507 833 2579 verbum
846 2507 1114 2602 propheticum.

173 2621 423 2694 Veruntamen
450 2620 627 2708 sensibus
648 2620 894 2715 experientiae,
912 2630 949 2692 et
971 2619 1067 2715 quod
1082 2644 1164 2693 ver-

123 2733 211 2805 bum
229 2734 298 2806 Dei
315 2734 561 2806 indubitatum
580 2746 646 2823 est,
665 2744 776 2805 rectae
789 2732 935 2821 rationi,
952 2733 1164 2807 renuntian-

124 2848 210 2919 dum
228 2858 387 2920 nonest.
440 2848 534 2919 Sunt
559 2846 656 2917 enim
681 2845 745 2917 illa
769 2845 886 2917 instar
902 2845 1023 2935 minae,
1042 2870 1123 2942 quae
1141 2871 1164 2920 a

124 2961 318 3033 Servatore
339 2973 467 3032 nostro
493 2958 700 3031 hominibus
725 2956 773 3030 ad
798 2957 1061 3054 negotiandum
1079 2958 1165 3033 data

124 3085 189 3161 est,
207 3097 275 3146 nec
292 3073 330 3144 in
349 3071 421 3145 lide
438 3071 628 3167 implicita,
648 3072 750 3167 quasi
767 3071 806 3143 in
824 3071 969 3144 sudario
987 3071 1163 3161 involuta,

123 3184 335 3281 reponenda
350 3217 359 3268 ;
386 3185 448 3257 sed
468 3182 515 3256 ad
528 3182 721 3279 justitiam,
733 3207 875 3278 pacem,
893 3207 1090 3280 veramque
1107 3208 1164 3257 re-

122 3299 296 3394 ligionem
321 3295 571 3394 expendenda.
625 3296 845 3390 Quanquam
871 3295 968 3369 enim
995 3296 1033 3369 in
1050 3299 1162 3372 verbo

124 3411 193 3483 Dei
219 3411 401 3484 rationem
426 3410 623 3483 humanam
649 3409 857 3505 superantia
882 3409 998 3482 mrdta
1022 3411 1108 3501 sint,
1126 3411 1165 3485 id

123 3537 189 3609 est,
208 3548 290 3620 quae
310 3524 451 3597 ratione
471 3523 630 3597 naturali
647 3547 765 3619 neque
784 3523 1028 3596 demonstrari
1045 3548 1165 3621 neque

125 3638 309 3711 confutari
325 3649 501 3733 possunt;
529 3648 659 3709 eontra
681 3649 803 3711 tamen
828 3648 965 3711 rectam
982 3637 1165 3711 rationem

121 3751 212 3823 nihil
226 3752 418 3847 reperitur.

173 3863 327 3945 Quoties
362 3888 448 3961 ergo
483 3864 520 3936 in
554 3862 677 3936 locum
714 3863 870 3958 aliquem
911 3860 1162 3952 difficiliorem,

121 3999 230 4071 quam
251 3988 292 4050 ut
313 4001 336 4050 a
358 3976 463 4049 nobis
489 3975 689 4048 examinari
712 3975 838 4071 possit,
851 3973 1164 4064 inciderimusin-

123 4091 310 4164 tellectum
333 4103 499 4163 nostrum
525 4089 647 4161 verbis
675 4089 761 4185 ipsis
789 4088 865 4161 sine
892 4087 1058 4160 examine
1084 4088 1164 4184 phi·

119 4204 320 4300 losophico,
345 4216 496 4300 propter
520 4202 777 4299 mysteriorum
799 4201 1006 4274 divinorum
1022 4203 1162 4275 incom-

119 4318 482 4413 prehensibilitatem,
501 4316 673 4390 debemus
694 4316 872 4412 subjicere
899 4330 938 4388 et
963 4315 1159 4412 captivare.
