2926 4980
508 394 813 447 rurnouucrro.
1159 384 1183 448 3

129 570 362 655 praeceptum
392 558 494 632 aliud
525 559 725 657 antiquina,
751 582 817 655 per
846 555 946 653 quod
974 556 1179 654 intelligere

130 709 294 791 possent,
322 699 354 770 si
388 698 537 787 vellent,
563 698 729 771 homines
760 697 852 769 alios
878 694 1013 767 rectius
1044 694 1178 790 legere,

132 855 267 927 nempe
297 857 408 906 nosce
434 834 603 932 terpaam.
658 833 768 909 Quod
790 843 1016 928 praeceptum
1033 833 1180 907 nonita

132 970 419 1066 intelligendum
445 984 514 1062 est,
541 984 585 1045 ut
614 971 782 1044 nonnulli
811 981 955 1066 putant,
982 969 1087 1067 quasi
1114 982 1180 1043 aut

133 1109 386 1204 potentiorum
404 1132 494 1206 erga
509 1110 639 1206 vulgus
655 1110 765 1183 fastui
790 1109 994 1197 barbarico,
1020 1120 1085 1181 aut
1111 1110 1180 1183 hu-

135 1247 277 1320 milium
296 1271 385 1344 erga
407 1249 632 1344 potentiores
648 1249 866 1346 procacitati
893 1247 1032 1321 incitili
1057 1247 1179 1321 indul-

133 1398 252 1480 geret,
271 1384 337 1458 sed
365 1397 409 1458 ut
435 1385 632 1459 doceamur
657 1388 901 1483 cogitationes
917 1387 1179 1482 passionesque

135 1523 328 1596 hominum
346 1524 575 1599 diversorum
593 1527 686 1599 adeo
705 1526 841 1599 similes
860 1527 957 1598 inter
975 1549 1013 1597 se
1032 1548 1123 1614 esse,
1137 1536 1180 1599 ut

136 1662 349 1757 quicunque
366 1662 407 1734 in
421 1663 580 1759 seipsum
595 1664 807 1761 inspexerit,
821 1663 1179 1761 consideraveritque

136 1798 226 1894 quid
239 1798 351 1873 faciat
367 1801 447 1897 ipse
465 1815 503 1876 et
520 1828 645 1900 quare,
664 1803 811 1899 quando
830 1803 981 1898 cogitat,
995 1803 1178 1898 opinatur,

134 1936 390 2022 ratiocinatur,
417 1952 552 2034 sperat,
578 1941 696 2030 timet,
715 1951 797 2029 ete,
828 1938 926 2012 idem
950 1939 1058 2012 simul
1081 1940 1180 2036 leget
1231 2018 1238 2028 ,

135 2074 391 2172 intelligatque
411 2077 651 2173 cogitationes
661 2081 920 2176 passionesque
933 2079 1089 2157 aliorum
1104 2104 1180 2153 om-

132 2211 238 2283 nium
251 2211 478 2285 hominuma
494 2213 672 2287 similibus
686 2215 804 2288 causis
819 2217 979 2288 orientes
992 2247 1001 2300 ;
1029 2216 1177 2305 similes,

134 2348 300 2444 inquam,
323 2351 524 2446 passiones
542 2376 616 2424 non
635 2352 768 2425 similia
793 2352 1004 2449 passionum
1022 2353 1178 2448 objecta,

135 2512 221 2583 quae
238 2512 261 2560 a
278 2488 541 2562 constitutione
560 2501 597 2562 et
614 2489 834 2563 educatione
852 2490 1042 2562 hominum
1055 2489 1181 2583 siugu-

134 2625 270 2697 larium
287 2626 340 2698 ita
361 2627 554 2700 variantur
579 2640 616 2701 et
642 2629 930 2717 absconduntur,
955 2640 998 2701 ut
1015 2627 1181 2700 cordium

135 2787 290 2836 suorum
325 2762 567 2853 characteres,
603 2764 846 2853 simulatione,
877 2763 1179 2854 dissimulatione,

133 2903 312 2999 falsisque
346 2902 579 2998 opinionibus
614 2904 804 2976 scribillati
838 2915 876 2976 et
922 2902 1076 2991 confusi,
1112 2903 1181 2975 soli

134 3040 337 3114 scrutatori
363 3039 530 3114 cordium
554 3041 629 3114 sint
645 3042 823 3138 legibiles.
877 3042 1100 3139 Quanquam
1117 3066 1182 3114 au-

133 3192 213 3252 tem
241 3179 395 3253 consilia
419 3179 610 3251 hominum
628 3203 852 3275 cognoscere
878 3180 1077 3276 aliquando
1099 3203 1183 3276 pos-

131 3342 265 3392 sumus
291 3342 359 3415 per
386 3343 430 3391 ea
447 3343 530 3413 quae
546 3317 701 3406 faciunt,
720 3316 868 3391 difficile
887 3331 1012 3391 tamen
1031 3318 1183 3391 estsine

132 3456 416 3554 comparatione
434 3481 518 3529 cum
532 3457 692 3530 consiliis
703 3456 873 3553 propriis,
886 3468 923 3529 et
936 3457 1016 3528 sine
1030 3455 1183 3528 distinc-

131 3598 244 3672 tione
261 3595 620 3669 circumstantiarum
637 3619 719 3691 quae
737 3596 888 3668 effectus
916 3593 1077 3689 singulos
1102 3618 1184 3665 mu-

130 3746 218 3808 tare
237 3731 359 3805 solent
373 3764 382 3816 ;
402 3746 578 3829 tanquam
596 3735 628 3805 si
644 3734 725 3830 quis
742 3733 868 3806 literas
885 3734 1015 3828 ignoto
1030 3733 1182 3806 charac-

128 3886 218 3946 tere
237 3871 362 3965 legere
385 3883 547 3945 tentaret
564 3873 642 3945 siue
660 3873 847 3969 scriptoris
865 3873 1074 3968 alphabeto.
1118 3871 1186 3943 Er-

126 4011 236 4087 rabit
264 4033 356 4106 ergo
381 4022 445 4083 aut
473 4010 707 4105 simplicitate
737 4022 802 4082 aut
828 4009 1033 4106 suspicione
1060 4010 1185 4098 nimia,

124 4159 250 4250 prout
269 4148 313 4238 ie,
332 4148 396 4243 qui
413 4147 515 4244 legit,
532 4147 588 4219 vir
606 4149 742 4243 probus
760 4161 817 4221 est
833 4149 892 4221 vel
911 4148 1109 4244 improbus

181 4288 333 4359 Verum
360 4285 397 4357 in
415 4285 679 4383 cognoscendis
702 4286 911 4359 hominibus
928 4286 1186 4382 singularibus,

1027 4419 1050 4469 a
1069 4419 1082 4463 a
