2926 4980
357 359 575 413 anausoni
593 358 648 411 nu
668 357 925 411 tuvtsrnsn.
1087 340 1156 409 521

117 540 175 602 est
191 539 401 611 mortuum,
428 534 606 624 resurget
623 547 761 622 corpus·
776 520 992 621 spirituale.
1029 521 1159 617 Itaque

116 652 303 723 mutatur;
342 650 384 712 ut
401 661 494 712 vers.
515 646 574 724 51,
594 646 654 724 52,
684 633 900 732 mysterium
930 633 1033 707 uobis
1061 633 1158 708 dico.

1207 557 1286 609 CAP.
1301 557 1325 607 l.

1201 638 1345 675 »Ὑω

1198 701 1233 746 De
1242 699 1342 758 symbolo

117 753 204 826 Nou
222 776 344 825 omues
363 751 510 850 quidem
528 749 739 837 moriemur,
757 772 879 822 omues
898 757 1020 822 autem
1044 757 1161 820 mutu-
1196 766 1289 811 utens

118 866 238 939 bimur
262 866 300 938 iu
325 873 502 937 momentu
531 872 568 936 et
597 863 675 936 ictu
698 861 808 951 orarii,
833 862 871 934 iu
896 860 986 934 tuba
1016 858 1181 933 ultima„

118 978 276 1051 Souubit
293 979 389 1051 euim
407 977 509 1066 tuba,
527 987 565 1050 et
582 986 785 1074 resurgent
802 974 938 1048 mortui
964 973 1160 1071 incorrup-

119 1091 258 1180 tibiles,
275 1102 314 1164 et
330 1114 396 1164 nos
413 1090 646 1164 mutabimur.

169 1207 217 1278 A.
246 1205 320 1280 Sed
344 1205 434 1278 mihi
451 1205 623 1278 videntur
649 1204 708 1276 bic
726 1202 809 1276 duae
827 1201 1080 1286 difficultatem
1106 1199 1160 1274 al-

120 1334 211 1408 tera,
230 1320 316 1415 quia
332 1342 525 1414 resurgere
542 1330 599 1391 est
610 1317 839 1404 reviviscere,
854 1314 1038 1410 quomodo
1049 1315 1160 1388 homo

119 1433 314 1506 reviviscet
339 1432 377 1505 in
395 1431 601 1528 sepulchro,
619 1430 689 1503 nisi
708 1429 833 1502 anima
849 1430 926 1525 ejus
943 1427 1097 1501 accedat
1113 1427 1162 1501 ad

120 1569 273 1642 corpus;
292 1546 476 1634 nimirum,
493 1545 539 1618 de
553 1545 646 1618 coelo
659 1543 718 1616 vel
736 1543 858 1639 aliquo
873 1543 954 1616 eoeli
970 1543 1083 1615 limbo
1098 1541 1161 1614 de·

120 1658 309 1747 scendens,
328 1659 385 1731 vel
403 1659 450 1730 ab
468 1657 613 1731 inferno
630 1657 688 1730 vel
704 1657 919 1753 purgatorio
933 1654 1159 1729 ascendens?

174 1772 220 1843 B.
248 1771 373 1846 Quid?
426 1770 586 1860 Deusne,
607 1771 670 1866 qui
687 1770 775 1843 feeit
792 1770 980 1842 hominem
998 1793 1044 1842 ex
1062 1781 1164 1842 terra

120 1885 158 1956 in
186 1883 334 1972 animal,
359 1884 483 1957 vivens
508 1908 582 1956 non
609 1883 747 1978 poterit
773 1881 941 1972 eundem,
959 1883 1161 1955 resolutum

120 1997 160 2070 in
176 2015 326 2086 terram,
344 1997 392 2070 ad
408 1998 523 2070 vitam
540 1995 787 2070 resuscitare?

171 2111 218 2182 A.
246 2110 402 2184 Videtur
419 2134 507 2207 ergo
533 2111 643 2184 homo
667 2123 751 2207 post
776 2111 1082 2184 resurrectionem
1100 2110 1164 2184 ha-

120 2225 263 2296 biturus
281 2224 371 2296 duas
389 2224 529 2297 animas
547 2224 755 2314 rationales,
773 2225 958 2313 nimirum,
973 2223 1072 2297 illam
1090 2249 1164 2321 qua

121 2336 293 2432 resurgit,
309 2337 463 2409 alteram
481 2361 564 2433 qnae
581 2338 620 2410 in
638 2348 756 2410 morte
773 2362 796 2410 a
813 2360 967 2434 corpore
982 2349 1162 2433 separata,

121 2448 293 2544 migravit
318 2450 356 2522 in
381 2450 526 2540 ooelum,
544 2451 602 2523 vel
628 2450 793 2541 limbum,
810 2450 868 2523 vel
895 2451 1161 2547 purgatorium,

121 2562 178 2635 vel
192 2561 388 2635 infernum.
441 2562 579 2636 Dicunt
596 2565 692 2637 euim
711 2589 837 2637 omnes
856 2566 1016 2638 animam
1033 2565 1162 2637 huma-

121 2699 207 2748 nam
225 2699 412 2772 nunquam
430 2676 580 2749 interire
597 2690 794 2774 postquam
821 2679 934 2751 semel
952 2690 1077 2752 creata
1093 2691 1161 2769 est,

122 2811 168 2860 ne
195 2789 345 2862 minimo
373 2789 521 2885 quidem
544 2803 744 2882 momento,
763 2803 900 2866 utrem
917 2793 955 2864 in
972 2816 1012 2865 se
1029 2791 1163 2865 subsis-

122 2911 274 2991 tentem,
300 2902 465 2976 desinere
488 2927 577 2978 esse.

173 3015 222 3088 B.
249 3016 328 3111 Ego
347 3039 434 3089 vero
453 3017 544 3090 nihil
561 3041 670 3114 super
695 3017 765 3090 hae
790 3043 830 3091 re
849 3019 916 3091 tibi
935 3018 1066 3110 dicam,
1092 3019 1161 3093 nisi

123 3127 222 3224 quod
238 3129 381 3225 reperio
400 3129 539 3202 dietum
557 3129 704 3219 diserte,
723 3143 761 3203 et
779 3132 857 3205 sine
871 3132 970 3206 omni
984 3131 1162 3228 ambigui·

123 3253 199 3314 tate
216 3242 252 3314 in
282 3242 492 3338 Scripturis,
509 3244 683 3341 nulloque
702 3245 772 3317 alio
798 3257 903 3318 textu
921 3257 1047 3342 aperte
1074 3269 1162 3319 con·

122 3355 339 3428 tradicente.
390 3357 447 3429 Tu
465 3356 613 3453 quidem
629 3381 704 3430 una
731 3382 815 3431 oum
832 3358 974 3431 oaeteris
991 3359 1067 3431 fere
1085 3383 1164 3431 om-

123 3469 243 3558 nibuS,
259 3468 358 3565 quod
375 3470 498 3542 anima
514 3470 675 3543 humana
692 3471 842 3543 interire
860 3494 933 3543 non
951 3482 1085 3567 potest,
1097 3473 1162 3545 ha-

123 3582 188 3654 bes
205 3607 228 3654 a
243 3582 483 3679 philosophis,
503 3607 594 3679 quos
612 3607 681 3680 ego
699 3594 785 3680 post
806 3584 1014 3680 Scripturas
1032 3584 1163 3659 Sauras

124 3695 317 3790 magistros
347 3694 437 3767 mihi
455 3718 530 3767 non
549 3694 727 3769 desidero.
778 3697 1041 3786 Veruntamen,
1060 3698 1090 3771 si
1107 3699 1162 3772 lo-

125 3832 207 3879 cum
222 3806 381 3900 aliquem
392 3806 481 3880 mihi
495 3808 663 3881 attuleris
676 3832 721 3881 ex
733 3809 930 3905 Scripturis
942 3810 1075 3899 Sacris,
1085 3812 1162 3902 ubi,

124 3920 196 3992 alia
216 3919 431 3993 attribuitur
456 3921 588 3994 auimae
611 3921 781 3995 humanae
797 3923 1051 3997 immortalitas
1067 3949 1162 4022 prae-

123 4044 181 4104 ter
199 4031 299 4104 illam
317 4055 397 4127 quae
424 4033 633 4106 hominibus
659 4035 727 4107 sub
745 4035 893 4108 nomine
912 4046 1058 4110 aeternae
1077 4038 1163 4113 vitae

125 4146 211 4218 data
228 4158 297 4234 est,
316 4170 384 4241 ego
399 4147 510 4219 etiam
528 4148 683 4220 sentiam
702 4172 785 4221 oum
802 4148 1038 4246 philosophis.
1089 4152 1160 4224 Ve-

124 4285 204 4334 rum
224 4262 255 4333 si
272 4261 438 4334 attuleris
455 4260 536 4333 loca
552 4261 625 4350 illa,
644 4263 774 4358 quibus
799 4262 1043 4337 comminatur
1061 4264 1162 4340 Deus
