2926 4980
329 343 401 409 336
571 359 623 411 DE
644 359 838 414 clvmnru
858 362 1125 418 cantarunt.

152 557 279 608 χχχιχ,
328 537 440 621 atque
471 526 549 599 haee
575 525 736 600 ecclesia
763 539 842 601 erat
874 530 972 620 (Act.
989 531 1063 604 xix.
1086 532 1150 625 39)
1179 530 1364 628 legitima.

160 714 217 757 m
235 715 268 745 m
359 641 447 714 tiam
465 640 562 714 cives
579 665 645 737 per
668 642 867 715 tumultum
886 654 924 717 et
944 644 1159 718 seditionem
1186 645 1225 718 in
1251 670 1365 721 unum

114 763 296 871 {perambu-
326 754 447 828 locum
474 754 580 828 multi
606 755 876 846 convenientes,
893 771 1071 832 vocantur
1096 759 1281 833 interdum
1304 787 1364 835 ec-

113 893 144 936 s.
157 834 299 942 sfflq
325 867 526 958 elesia,sed
539 866 880 966 ecciesiacorffaea,
893 873 1029 946 utAct.
1042 873 1116 945 xix.
1131 881 1191 947 32.
1242 872 1365 947 Mani-

112 958 297 1008 ''”¹⁰¹²¹⁰⁰⁰¹⁰⁸¹²
323 980 459 1055 festum
475 993 598 1055 autem
614 982 701 1055 hinc
715 995 782 1071 est,
801 985 989 1058 ecclesiam
1006 985 1144 1059 nullam
1160 986 1364 1082 legitimam

324 1119 402 1169 esse
420 1119 535 1192 posse,
554 1120 637 1192 quae
653 1097 876 1172 authoritate
888 1099 984 1172 illius
996 1101 1132 1173 nonsit
1147 1114 1361 1192 convocata,

324 1209 387 1303 qui
405 1232 584 1281 summam
601 1209 712 1283 habet
728 1209 767 1281 in
785 1210 931 1284 civitate
955 1222 1186 1306 potestatem.
1240 1213 1361 1286 Sumi-

324 1332 384 1393 tur
403 1322 512 1394 etiam
530 1321 716 1395 interdum
738 1347 806 1419 pro
828 1325 1036 1398 hominibus
1067 1325 1129 1422 qui
1156 1327 1193 1398 in
1222 1339 1361 1400 coetum

318 1435 403 1530 jure
420 1434 558 1507 intrare
575 1451 739 1531 possunt,
758 1436 991 1510 etiamsinon
1008 1438 1081 1511 siut
1098 1449 1185 1511 actu
1205 1463 1361 1536 congre-

320 1548 419 1644 gati:
438 1559 480 1621 ut
496 1549 579 1621 Act.
598 1549 672 1622 viii.
693 1559 728 1639 3,
746 1551 808 1622 ubi
826 1551 980 1624 dieitur:
1001 1551 1138 1624 Saalra
1155 1562 1278 1626 autem
1291 1554 1357 1627 de·
1419 1628 1422 1633 ,

320 1660 497 1734 vastabat
531 1662 737 1735 eeclesiam.
803 1663 992 1736 Interdum
1025 1664 1135 1738 etiam
1168 1689 1236 1761 pro
1271 1667 1360 1741 solis

320 1774 458 1865 electis,
476 1787 519 1848 ut
535 1778 628 1873 Eph.
646 1802 681 1850 v.
700 1781 760 1867 27,
779 1787 820 1850 at
837 1777 1032 1851 exhiberet
1054 1777 1130 1850 sibi
1147 1776 1357 1876 gloriosam

319 1888 528 1979 ecelesiam,
545 1917 616 1964 noa
637 1891 829 1965 habentem
846 1890 1027 1964 maculam
1043 1901 1108 1964 aut
1122 1915 1257 1988 ragam
1268 1920 1282 1966 .·
1317 1893 1357 1967 id

319 2004 419 2098 quod
444 2003 600 2101 intelligi
625 2029 699 2078 non
728 2015 850 2100 potest
865 2005 936 2077 nisi
967 2003 1013 2076 de
1042 2003 1197 2077 ecclesia
1224 2006 1355 2079 trium-

317 2115 465 2212 phante.
519 2116 670 2190 Caeteris
699 2116 1026 2212 significationibus
1054 2116 1206 2205 omissis,
1229 2117 1356 2215 loque·

316 2252 398 2302 mur
415 2232 485 2304 hoc
503 2231 583 2303 loco
602 2228 818 2302 deecclesia
839 2230 877 2300 iu
901 2253 1009 2302 sensu
1030 2229 1190 2325 propri0‚
1209 2254 1354 2329 nempe,

316 2357 495 2439 quatenus
511 2344 676 2440 legitima
692 2352 758 2431 est,
776 2343 960 2439 habetque
983 2342 1245 2416 authoritatem
1263 2345 1354 2441 legi-

313 2455 458 2542 timam;
481 2459 576 2530 sicut
598 2456 753 2530 sumitur
770 2457 903 2528 Matth.
918 2456 1017 2528 xviii.
1039 2465 1093 2544 17,
1115 2457 1177 2529 ubi
1204 2457 1353 2549 dicitur,

313 2572 389 2644 Die
406 2571 600 2653 ecclam,-
617 2569 652 2640 si
669 2580 789 2641 autem
807 2568 1003 2641 ecclesiam
1015 2592 1086 2640 aaa
1102 2568 1281 2658 audierit,
1300 2573 1353 2645 sit

312 2684 384 2758 tibi
400 2686 498 2758 sicat
511 2684 679 2757 ethnicae
692 2692 731 2754 et
743 2681 980 2779 publicanae.
1013 2683 1054 2754 ln
1068 2681 1138 2753 hoo
1153 2681 1251 2753 enim
1268 2706 1353 2756 sen-

312 2820 355 2870 su
373 2809 440 2887 est,
459 2797 557 2894 quod
575 2795 734 2869 ecelesia
753 2805 808 2867 est
823 2817 991 2889 persona,
1010 2793 1107 2889 quod
1131 2794 1236 2882 aelle,
1254 2821 1352 2892 pro-

311 2912 498 3001 nuntiare,
521 2911 720 3008 imperare,
740 2907 885 2997 audire,
904 2908 1009 3005 leges
1018 2907 1149 3004 ferre,
1166 2918 1229 2978 aut
1248 2908 1349 3002 quic-

312 3047 420 3118 quam
449 3048 557 3120 agere
580 3033 713 3119 potest.
775 3022 872 3094 Nam
890 3021 988 3116 quod
1006 3022 1043 3093 in
1062 3021 1350 3116 congregatione

309 3136 500 3210 hominum
522 3135 780 3210 authoritatem
803 3159 876 3207 non
893 3133 1107 3206 habentium
1123 3133 1260 3206 factum
1279 3148 1346 3224 est,

309 3250 535 3345 singulorum
551 3249 698 3345 quidem
711 3248 849 3320 factum
864 3257 930 3332 est,
936 3246 966 3318 si
981 3258 1256 3335 consenserunt,
1270 3270 1347 3322 non

308 3376 431 3436 autem
451 3362 745 3459 congregationis
762 3361 874 3434 totius
903 3369 945 3432 ut
963 3360 1125 3455 corporis
1142 3359 1262 3447 unius,
1280 3384 1346 3432 ne-

307 3499 379 3572 que
396 3476 541 3547 illorum
560 3475 622 3570 qui
638 3499 714 3547 non
731 3483 1004 3546 consenserunt.
1046 3471 1259 3544 Ecclesiam
1275 3473 1345 3545 ita-

308 3612 378 3685 que
399 3588 653 3660 Christianam
671 3587 722 3659 sio
741 3586 898 3658 definio:
927 3583 1103 3656 Ecclesia
1124 3583 1345 3657 Christiana

306 3709 365 3772 est
382 3709 498 3772 coetas
512 3699 692 3771 laminam
715 3698 935 3795 religionem
956 3695 1210 3767 Christianam
1220 3698 1344 3793 profi-

307 3814 470 3901 tentium,
487 3811 670 3884 unitorum
685 3812 722 3884 ia
729 3834 899 3909 persona
913 3834 985 3881 aaa
997 3833 1169 3880 cantatam
1183 3808 1344 3883 labereta

298 3934 549 4021 potestatam
567 3924 672 4017 cepas
680 3924 793 4016 jassa
810 3921 1004 3994 convenire
1022 3921 1165 4010 debeat,
1182 3932 1220 3994 et
1237 3924 1344 4016 cujas

305 4038 446 4132 injussa
465 4035 659 4108 corraeaire
675 4058 746 4106 aaa
764 4033 908 4105 debeat.
961 4033 1144 4107 Quoniam
1161 4046 1285 4107 autem
1303 4036 1343 4108 in

305 4153 403 4223 omni
422 4149 570 4222 civitate
588 4146 846 4219 conventiones
869 4145 952 4233 illae,
972 4169 1053 4240 quae
1079 4146 1156 4217 sine
1176 4147 1341 4219 authori-

305 4272 380 4335 tate
405 4263 587 4336 habentur
609 4258 822 4354 imperantis
846 4258 990 4346 summi,
1008 4256 1208 4352 illegitima
1231 4270 1339 4345 sunt;
