2926 4980
525 318 579 370 ns
600 318 782 371 nonius.
1127 305 1172 372 55

117 495 276 583 δίψα,
302 485 427 559 aliisve
452 484 662 559 n0mlnlblls
691 484 824 580 qulbus
853 484 1053 581 significati
1080 484 1174 557 solet
1203 519 1281 569 cup,
1294 521 1370 570 v111,

120 610 256 671 motus
273 598 420 672 tardus.
1186 603 1358 705 1„ss

176 711 397 784 Differentia
419 721 545 784 autem
569 708 768 783 celeritatis
785 733 809 782 a
825 709 1078 783 differentibus
1099 710 1171 784 ori·
1185 725 1379 835 Quone:

122 839 189 901 tur
205 828 400 901 hominum
416 828 659 924 passionibus,
674 849 833 921 quorum
850 825 913 898 alii
930 826 1031 900 aliud
1047 839 1173 901 amant
1185 804 1348 913 ussaw
1372 826 1374 830 ’

124 954 165 1015 et
176 941 348 1037 fugiunt3
375 940 474 1014 unde
489 938 730 1037 cogitationes
743 937 970 1013 diversorum
982 939 1173 1014 hominum

127 1051 271 1126 diverse
297 1053 518 1149 procedunt,
537 1063 574 1124 et
599 1049 842 1124 diversimode
861 1052 970 1124 rebus
985 1052 1173 1148 applican-

126 1179 200 1239 tur.
245 1166 340 1240 Cum
353 1180 478 1240 autem
495 1166 534 1240 in
552 1165 782 1239 successione
796 1164 1063 1261 cogitationum
1079 1166 1172 1239 nihil

126 1281 314 1354 observari
339 1281 443 1369 solet,
471 1280 543 1353 nisi
567 1278 774 1351 similitudo
803 1278 863 1353 vel
889 1277 1170 1369 dissimilitudo,

126 1393 184 1466 vel
207 1394 269 1467 cui
293 1394 354 1467 rei
377 1393 552 1467 inservire
570 1404 608 1464 et
625 1391 805 1489 quomodo
820 1403 998 1488 possunt;
1025 1392 1089 1481 illi,
1108 1393 1172 1489 qui

125 1506 392 1580 similitudines
438 1505 595 1578 maxime
635 1503 933 1578 animadvertunt
972 1504 1052 1579 aliis
1087 1530 1170 1580 raro

127 1619 413 1707 animadversas,
430 1617 559 1691 bonum
576 1617 751 1690 dicuntur
767 1617 902 1690 habere
921 1618 1119 1716 ingenium,
1132 1619 1171 1692 id

125 1744 193 1822 est,
212 1732 344 1805 bonum
355 1732 613 1830 plantarium.
656 1730 715 1803 llli
730 1754 830 1820 vero,
848 1732 912 1827 qui
928 1755 1051 1804 rerum
1070 1732 1170 1828 cogi-

126 1860 288 1922 tatarum
324 1847 549 1922 differentias
590 1845 977 1943 dissimilitudinesque
1011 1849 1169 1922 maxime

125 1964 348 2045 observant;
384 1962 424 2035 id
454 1971 522 2049 est,
557 1959 620 2056 qui
652 1958 749 2032 inter
785 1983 863 2032 rem
893 1972 932 2034 et
965 1984 1044 2033 rem
1075 1962 1169 2035 bene

126 2074 376 2172 distinguunt,
404 2073 633 2161 discernunt,
659 2085 698 2145 et
724 2072 935 2168 dijudicant
946 2102 961 2156 ,·
987 2074 1057 2146 nisi
1074 2074 1167 2172 diju-

125 2187 262 2262 dicatio
280 2186 344 2260 illa
359 2186 478 2260 facilis
496 2187 555 2276 sit,
572 2185 708 2260 habere
726 2186 900 2260 dicuntur
917 2185 1045 2261 bonum
1059 2189 1168 2283 judi-

125 2303 232 2374 cium.
298 2300 498 2396 Speciatim
533 2310 656 2373 autem
690 2299 728 2371 in
759 2299 1035 2373 conversatione
1070 2300 1168 2375 civili

124 2414 355 2511 negotiisque
373 2413 539 2510 agendis,
556 2412 621 2485 ubi
637 2424 816 2506 tempora,
834 2411 928 2501 loca,
946 2424 984 2485 et
1000 2437 1167 2508 personae

126 2527 369 2601 discernenda
386 2536 485 2615 sunt,
499 2525 615 2599 virtus
632 2525 712 2598 haec
730 2525 972 2601 communiter
985 2526 1167 2599 discretio

126 2641 340 2737 appellatur.
395 2638 592 2713 Phantasia
625 2639 704 2711 sine
733 2638 874 2733 judicio
908 2638 1049 2712 laudari
1083 2664 1167 2714 raro

128 2754 244 2833 solet;
270 2752 336 2827 sed
358 2751 538 2848 judicium
563 2752 638 2826 sive
662 2751 833 2826 discretio
859 2753 1030 2827 laudatur
1045 2777 1112 2849 per
1128 2779 1168 2828 se

128 2867 205 2940 sine
228 2891 298 2962 ope
322 2865 538 2967 phantasiae.
590 2865 729 2939 Praeter
750 2864 1008 2939 discretionem
1026 2878 1167 2964 tempo-

128 3003 220 3069 rum,
237 2979 415 3066 locorum,
435 2992 473 3050 et
498 3000 737 3073 personarum
763 3001 846 3073 quae
871 2978 1011 3052 laudari
1028 2979 1167 3053 faciant

127 3091 368 3187 phantasiam,
380 3090 580 3185 requiritur
591 3089 701 3163 etiam
715 3091 982 3185 cogitationum
995 3093 1042 3167 ad
1055 3094 1167 3167 finem

127 3231 233 3279 suum
245 3206 420 3300 frequens
433 3203 630 3299 applicatio
644 3235 653 3286 ;
678 3202 732 3277 ita
748 3203 847 3275 enim
859 3217 1052 3279 occurrent
1069 3205 1167 3279 simi-

128 3319 312 3407 litudines,
336 3339 412 3391 non
438 3317 556 3389 solum
576 3315 825 3404 illustraturus,
849 3315 914 3390 sed
936 3319 1046 3390 etiam
1063 3318 1168 3390 novis

129 3447 166 3506 et
181 3432 277 3529 aptis
294 3429 519 3526 metaphoris
540 3440 725 3503 ornaturae
745 3451 963 3519 sermonem,
981 3441 1092 3525 atque
1110 3430 1166 3501 in-

130 3570 238 3642 super
273 3544 426 3617 raritate
457 3541 679 3615 inventionis
710 3542 910 3637 placiturae.
968 3543 1165 3632 Caeterum,

129 3659 198 3733 nisi
215 3670 391 3730 constans
414 3655 510 3729 adsit
532 3656 798 3751 cogitationum
815 3657 863 3729 ad
880 3656 1039 3752 aliquem
1056 3657 1167 3728 finem

129 3771 323 3868 regulatio‚
340 3769 533 3865 phantasia
549 3793 684 3865 magna
701 3770 838 3864 species
857 3770 1025 3865 quaedam
1042 3781 1098 3842 est
1111 3769 1166 3841 in-

130 3885 258 3968 saniae3
278 3882 397 3979 qualis
410 3882 806 3978 estillorum,qui,cum
818 3883 941 3956 dicere
951 3882 1166 3979 inceperint,

132 3999 177 4071 ab
201 4020 420 4092 unaquaque
445 3996 522 4069 fere
548 3995 772 4091 cogitatione
798 3995 917 4068 aliena
939 3997 1166 4092 aproposito

133 4113 204 4184 fine
224 4111 264 4182 in
290 4120 347 4182 tot
379 4120 417 4181 et
448 4120 569 4183 tantas
594 4107 837 4204 digressiones
865 4122 903 4181 et
930 4111 1167 4204 parentheses

134 4224 375 4318 abripiuntur,
396 4236 437 4296 ut
463 4221 599 4296 reverti
622 4245 696 4293 non
720 4221 872 4317 possint.
919 4221 1038 4296 Causa
1063 4225 1168 4318 cujus
