2926 4980
500 382 553 433 ou
573 381 782 461 crvryaarn.
1099 363 1167 441 177

120 554 207 652 qnia
223 552 262 626 in
282 551 454 626 dominiis
471 551 633 625 externis
662 551 730 624 soli
749 549 924 638 vendunt,
944 548 1063 622 carius
1081 572 1168 620 ven·
1194 578 1271 628 cap.
1285 577 1342 625 xm

121 668 236 750 dunt;
264 666 304 739 id
331 664 431 763 quod
457 667 606 738 sibimet
632 666 721 761 ipsis
746 660 1015 758 rursus'flucr0,
1034 661 1168 735 exteris
1198 661 1342 775 ΒΜ

121 780 337 855 damnoest.
364 780 504 867 Tertio,
519 779 604 875 quia
617 801 757 851 meroes
769 788 939 849 externas
951 775 1018 848 soli
1030 787 1168 864 emunt,
1198 775 1342 840 abusam

120 895 228 967 vilius
246 906 399 977 emunt;
426 893 466 965 id
490 892 590 989 quod
613 892 681 964 sibi
711 890 859 987 quidem
887 891 991 978 utile,
1010 890 1170 963 externis

120 1021 248 1081 autem
265 1006 419 1079 noxium
434 1017 502 1078 est.
555 1006 711 1091 Quarto,
730 1005 816 1099 quia
842 1027 983 1075 merces
1002 1016 1172 1075 externas

121 1120 188 1193 soli
213 1118 380 1191 vendunt
407 1117 519 1206 domi,
548 1118 668 1189 carius
690 1115 879 1199 vendunt;
907 1115 946 1188 id
973 1116 1073 1211 quod
1104 1116 1172 1188 sibi

120 1233 244 1306 adhuc
261 1232 460 1320 lucrosum,
478 1229 544 1302 sed
561 1230 771 1302 concivibus
785 1230 859 1302 suis
873 1229 1090 1301 damnosum
1104 1241 1171 1301 est.

123 1346 229 1419 Bono
247 1368 336 1440 ergo
355 1344 515 1416 civitatis
529 1354 635 1431 esset,
652 1343 682 1414 si
699 1342 815 1414 literis
833 1366 1047 1415 concessum
1065 1354 1171 1431 esset,

121 1473 165 1534 ut
181 1459 252 1533 soli
269 1458 359 1531 foris
373 1458 531 1530 civitatis
554 1482 629 1530 suae
647 1480 788 1529 merces
807 1456 1009 1529 venderent
1027 1468 1065 1528 et
1078 1481 1174 1528 mer-

122 1597 185 1648 ces
196 1585 370 1645 externas
380 1571 449 1644 soli
467 1582 657 1655 emerent;
673 1570 739 1643 sed
751 1582 793 1643 ut
811 1571 910 1643 domi
928 1570 1080 1643 arbitn'o
1094 1594 1173 1660 suo,

124 1711 198 1784 qno
215 1686 330 1758 velint
348 1685 481 1781 pretio,
500 1685 699 1780 importata
713 1684 926 1771 venderent,
941 1684 1082 1756 civibus
1100 1709 1175 1756 ma-

124 1801 202 1875 lum
219 1811 327 1872 esset.
381 1797 540 1893 Expedit
557 1809 680 1870 autem
700 1798 854 1893 singulis
872 1797 1083 1892 hujusmodi
1096 1821 1173 1894 sys-

124 1912 273 1987 tematis
290 1912 476 2000 membris,
494 1912 615 2006 utqui
632 1913 806 2007 pecunias
825 1936 908 1983 suas
927 1912 1173 1998 contulerunt,

126 2039 165 2100 et
191 2037 389 2122 expectant
411 2025 554 2097 lucrum
582 2025 717 2120 singuli
743 2026 908 2120 pecuniae
934 2050 1008 2096 suae
1033 2025 1174 2097 collatae

125 2138 414 2239 proportionale,
447 2137 774 2210 consultationibus
800 2139 1006 2232 systematis
1037 2138 1175 2224 adesse,

126 2254 314 2348 librosque
342 2250 529 2323 rationum
560 2274 707 2322 suarum
741 2251 944 2346 inspicere;
977 2251 1016 2323 id
1039 2262 1106 2339 est,
1134 2260 1176 2323 ut

126 2389 287 2464 persona
314 2364 522 2461 systematis
549 2365 597 2436 sit
622 2365 660 2436 in
685 2364 764 2459 ipso
789 2377 888 2436 coetu
909 2388 973 2437 seu
997 2365 1110 2454 curia,
1130 2365 1176 2437 ad

126 2478 283 2553 formam
303 2476 550 2549 democratiae.

181 2593 221 2665 Si
249 2601 411 2687 systema
437 2601 683 2663 mercatorum
710 2591 862 2681 homini,
882 2592 944 2688 qui
968 2592 1176 2689 systematis

129 2706 336 2781 membrum
355 2728 430 2776 non
449 2705 496 2776 sit
514 2704 579 2777 sed
594 2715 800 2795 extraneus,
819 2707 1013 2802 pecuniam
1032 2706 1174 2795 debeat,

128 2817 421 2913 unumquodque
451 2819 701 2890 membrorum
732 2820 883 2892 seorsim
918 2820 1103 2915 obligatur
1129 2819 1178 2892 ad

130 2932 353 3007 solutionem
378 2930 491 3003 totius
512 2931 639 3003 debiti.
693 2932 728 3003 Is
754 2932 863 3019 enirn,
883 2932 945 3027 qui
969 2933 1177 3028 systematis

130 3045 339 3119 membrum
350 3067 426 3115 non
437 3054 503 3133 est,
514 3067 682 3140 personae
697 3046 897 3118 artificialis
911 3046 1080 3119 notitiam
1095 3046 1177 3119 nul-

131 3159 209 3233 lam
234 3158 359 3244 habet,
389 3156 454 3230 sed
478 3181 654 3252 personas
684 3161 871 3232 naturales
895 3184 1022 3232 eorum
1050 3185 1177 3234 omnes

131 3270 288 3367 obligari
307 3270 375 3343 sibi
394 3270 580 3365 supponit.
632 3270 769 3344 Verum
795 3273 825 3345 si
849 3272 1010 3345 creditor
1029 3275 1077 3345 sit
1100 3298 1176 3370 sys-

132 3384 284 3459 tematis
301 3384 519 3473 membrum,
538 3384 683 3457 debitor
699 3409 845 3481 quoque
863 3386 961 3459 idem
979 3397 1044 3475 est,
1057 3410 1178 3483 neque

134 3498 300 3571 debitum
328 3522 435 3570 suurn
452 3497 522 3570 nisi
540 3522 562 3570 a
580 3509 776 3594 systemate
791 3498 882 3594 ipso,
900 3498 1022 3590 idest,
1041 3524 1063 3572 a
1080 3523 1179 3572 com-

135 3610 239 3685 muni
255 3611 424 3706 pecunia,
439 3611 468 3683 si
482 3636 591 3706 quam
610 3611 733 3699 habet,
745 3612 931 3707 postulare
944 3615 1027 3708 jure
1044 3626 1178 3710 potest.

137 3724 177 3798 Si
210 3724 337 3797 civitas
364 3748 386 3795 a
415 3735 614 3819 systemate
640 3725 777 3797 virtute
807 3728 1002 3821 potestatis
1028 3751 1179 3799 summae

136 3836 331 3934 pecuniam
356 3836 489 3932 exigat,
509 3837 685 3911 solvenda
711 3840 923 3912 amembris
951 3851 1017 3928 est,
1036 3840 1179 3912 collatis

137 3973 162 4021 a
178 3949 331 4043 singulis
341 3948 389 4021 ad
408 3963 652 4024 mercaturam
669 3953 833 4049 pecuniis
844 3953 1179 4049 proportionaliter.

139 4062 237 4134 Nam
254 4085 486 4135 communem
503 4065 697 4159 pecuniam
721 4066 858 4137 nullam
884 4067 993 4139 babet
1023 4080 1182 4163 systema

139 4175 413 4263 mercatoriam,
432 4176 502 4248 nisi
526 4202 608 4273 quae
634 4203 655 4251 a
684 4179 837 4274 singulis
863 4178 911 4251 ad
937 4192 1181 4253 mercaturam

138 4287 274 4361 collata
290 4302 355 4361 est.

241 4424 335 4476 VOL.
352 4425 416 4476 111.
1053 4431 1081 4481 N
