2926 4980
357 403 409 453 on
431 402 623 454 crumena
644 402 910 455 cnarsrmim.
1082 386 1152 452 305

110 569 222 642 tionis
236 570 458 644 immediata
472 575 507 645 in
523 573 647 645 Veteri
665 574 903 646 Testamenta
923 571 1152 668 exprimitur,
1166 597 1366 647 canxxxvr.

111 706 257 779 semper
272 684 444 779 loquutus
462 698 518 759 est
535 708 602 782 per
614 686 791 758 visionem
802 684 861 758 vel
875 708 941 781 per
955 685 1152 767 sominium
1183 679 1346 784 ὦ

111 808 153 869 ut
170 797 338 887 Gideoni‚
353 799 524 888 Samueli,
543 799 643 888 Elias,
662 799 808 888 Elishae,
824 798 940 887 Isaiae,
958 798 1153 887 Ezechieli,
1181 803 1332 862 amputa

111 910 325 1006 caeterisque
350 912 562 1009 prophetis;
589 922 627 985 et
652 912 689 984 iu
716 913 824 986 Novo
846 912 1094 1000 Testamento‚
1112 923 1156 984 ut

109 1023 283 1119 Josepho,
303 1024 423 1114 Petro,
447 1024 571 1110 Paulo,
598 1037 635 1098 et
659 1025 821 1098 Johanni
846 1025 1099 1121 Evangelistae‘
1115 1025 1154 1097 in

111 1137 345 1233 Apocalypsi.

162 1250 238 1322 Soli
264 1251 361 1323 Mosi
387 1251 497 1323 modo
524 1252 814 1325 extraordinario
838 1253 1013 1348 loquutus
1040 1262 1096 1324 est
1115 1252 1154 1323 in

110 1377 236 1437 monte
254 1365 366 1453 Sinai,
386 1365 478 1438 etin
503 1365 787 1448 Tabernacalo;
814 1376 852 1439 et
869 1390 1012 1440 summo
1034 1389 1154 1438 sacer-

111 1476 190 1550 doti
218 1478 256 1549 in
292 1477 577 1561 Tabennacnlo;
604 1490 642 1552 et
672 1480 710 1551 in
742 1479 883 1552 Sancto
918 1480 1153 1552 Sanctorum.

111 1591 185 1663 Sed
217 1591 351 1680 Moses,
380 1605 417 1665 et
442 1603 526 1688 post
551 1617 635 1665 eum
668 1593 799 1665 summi
830 1593 1051 1679 sacerdotes,
1068 1616 1154 1688 pro-

109 1705 231 1801 phetae
259 1718 365 1778 crant
391 1707 641 1779 eminentioris
666 1706 802 1802 gradus
828 1731 936 1802 quam
963 1707 1098 1794 oaeteri,
1118 1718 1156 1778 et

109 1818 267 1911 gratiam
294 1819 392 1915 apud
419 1819 537 1892 Deum
563 1822 740 1916 majorem
765 1821 995 1893 invenerunt.
1059 1821 1155 1893 Nam

111 1931 210 2004 Deus
228 1932 304 2028 ipse
323 1932 380 2005 de.
396 1932 501 2005 Mose
526 1933 564 2005 id
584 1943 742 2006 testatur
762 1933 889 2025 (Num.
909 1934 971 2006 xii.
990 1942 1026 2022 6,
1046 1936 1080 2021 7,
1100 1934 1155 2026 8),

110 2045 257 2117 dicens:
287 2045 330 2116 Si
347 2046 433 2142 qnia
443 2046 576 2142 faerit
591 2047 690 2119 inter
709 2072 773 2118 aas
785 2047 976 2145 propheta
991 2047 1155 2136 Domini,

111 2158 148 2229 in
167 2157 309 2230 visione
327 2157 521 2255 apparebo
541 2160 588 2247 ei,
602 2158 744 2255 aelper
758 2160 934 2231 somnians
951 2159 1087 2256 loquar
1105 2161 1160 2232 ad

111 2270 215 2342 illam
226 2299 239 2342 .·
266 2279 396 2342 utnon
415 2270 507 2343 talis
521 2297 650 2344 seranta
668 2297 767 2343 mens
788 2272 928 2361 Moses,
946 2274 1012 2368 qai
1030 2273 1067 2344 in
1083 2299 1156 2344 onn-

109 2385 151 2456 ni
177 2385 282 2457 domo
309 2408 389 2455 mea
404 2383 657 2478 fidelissimas
684 2394 774 2466 est;
812 2409 877 2456 ore
903 2384 1000 2457 enim
1027 2385 1082 2456 ad
1114 2412 1155 2457 os

111 2497 247 2594 loquor
264 2497 300 2568 ei
320 2496 467 2593 pala-m,
491 2507 528 2568 et
547 2522 617 2568 noa
639 2521 716 2592 per
733 2497 936 2594 (enigmata
954 2498 1156 2595 elflgnras

111 2611 307 2684 Dominam
321 2610 422 2682 uidet
435 2639 448 2682 .·
476 2623 514 2684 et
531 2610 662 2701 (Exod.
681 2610 806 2682 xxxiii.
824 2613 892 2701 ll),
905 2612 1085 2683 Dominus
1103 2610 1119 2681 l
1141 2659 1157 2669 -

110 2732 248 2821 qanlaa
266 2732 324 2795 est
342 2723 397 2795 ad
411 2723 556 2795 Mosen
571 2748 612 2794 os
626 2722 680 2794 ad
692 2723 857 2811 oasient
870 2724 975 2795 laonio
989 2723 1156 2820 loquitar

111 2837 165 2909 ad
180 2835 336 2908 amicam
353 2860 468 2908 anana.
520 2836 769 2909 Veruntamen
787 2836 929 2908 Mosem
947 2861 1023 2909 non
1051 2837 1157 2910 aliter

111 2947 319 3045 alloquutus
339 2959 395 3022 est
412 2950 510 3022 Deus
526 2974 636 3046 quam
649 2973 714 3045 per
728 2949 899 3044 angelum
911 2950 969 3021 vel
983 2951 1132 3044 angelos
1145 2981 1155 3034 ;

110 3075 153 3135 ut
169 3063 326 3136 habetur
342 3063 462 3135 verbis
479 3063 680 3159 perspicuis
698 3062 797 3156 (Act.
811 3062 872 3135 vii.
886 3064 949 3157 38)
965 3095 974 3148 ;
992 3063 1055 3136 ubi
1074 3063 1156 3136 Ste-

110 3177 252 3273 phanus
271 3177 316 3248 de
335 3176 440 3248 Mose
465 3177 631 3273 loquens,
649 3175 711 3248 ilic
735 3185 804 3265 est,
829 3176 960 3272 inquit,
984 3176 1050 3273 qai
1066 3176 1156 3272 fnit

111 3291 151 3362 in
177 3288 340 3362 ecelesia
370 3289 409 3360 in
433 3288 637 3361 solitudine
660 3313 741 3361 enm
769 3289 906 3386 angelo
935 3290 1000 3385 qni
1030 3287 1156 3385 loque-

110 3401 222 3474 batur
249 3403 285 3474 ei
310 3403 348 3474 in
373 3411 494 3474 naonte
523 3402 643 3475 Sinai.
698 3402 776 3475 Gal.
795 3402 845 3473 iii.
869 3411 924 3491 19,
943 3403 1007 3476 ubi
1025 3402 1156 3474 Paulus

112 3514 157 3587 de
173 3515 254 3612 lege
273 3515 388 3588 dicit:
416 3515 596 3587 ordinata
615 3524 702 3587 erat
719 3540 796 3612 per
814 3515 973 3612 angelos
992 3515 1029 3587 in
1049 3539 1157 3586 mana

111 3629 343 3701 mediatoris.
371 3627 557 3701 Mediator
575 3640 699 3701 autem
718 3628 778 3700 ille
796 3639 877 3701 erat
894 3628 1030 3701 Moses,
1058 3626 1159 3702 Quid

110 3764 198 3836 ergo
216 3740 412 3814 dicendum
431 3753 487 3814 est
505 3740 550 3813 de
567 3740 678 3813 modo
697 3765 769 3837 quo
787 3741 886 3813 Deus
904 3741 1076 3837 loquutus
1102 3752 1158 3814 est

111 3855 219 3944 Mosi,
236 3855 305 3926 nisi
320 3853 418 3949 quod
432 3853 524 3926 visio
544 3867 635 3942 erat,
655 3853 719 3926 sed
737 3853 870 3926 clarior
888 3879 997 3949 quam
1016 3854 1158 3927 caeteris

39 4046 41 4052 ,
109 3967 297 4062 prophetis
312 3965 400 4039 data
413 3976 478 4038 est.
507 3966 616 4038 Deut.
631 3965 707 4038 xiii.
724 3975 760 4038 l:
779 3966 814 4037 si
831 3966 1045 4038 sarrexerit
1059 3967 1158 4037 inter

110 4106 174 4152 vos
187 4078 380 4177 propheta
398 4078 459 4151 ael
475 4078 679 4150 somniator
697 4077 929 4166 somniorum,
947 4102 1019 4150 vox
1035 4089 1158 4174 poste·

111 4192 187 4264 rior
215 4192 468 4287 interpretatio
494 4200 638 4263 tantum
663 4200 720 4262 est
745 4190 889 4285 prioris.
939 4191 1022 4263 Joel
1039 4192 1076 4263 ii.
1096 4199 1156 4281 28,

111 4305 202 4379 dicit
220 4305 340 4377 Deus:
368 4304 424 4376 Et
443 4303 518 4376 erit
529 4312 623 4401 post
640 4302 732 4390 laec,
750 4302 936 4397 effundam
954 4304 1002 4376 de
1016 4304 1158 4402 spirita

212 4440 306 4492 von.
323 4440 387 4490 111.
1027 4441 1055 4491 x
