2926 4980
364 346 432 425 172
743 367 797 418 ou
818 365 1024 418 crvirarn.

154 556 233 607 ore.
246 557 339 611 xxn.
410 531 629 626 Quanquam
659 533 814 605 enimin
840 532 998 607 civitatis
1014 531 1246 607 institutione
1263 533 1321 606 vel
1338 558 1399 608 ac·

158 638 312 758 „ff
359 643 556 739 quisitione
569 644 685 718 literis
699 645 945 741 scriptisopus
956 669 1031 719 non
1044 645 1115 729 sit3
1134 644 1220 741 quia
1232 657 1398 741 potestas

155 763 312 813 suasam.
359 757 411 829 ibi
428 780 581 847 summa,
598 770 642 830 ut
659 758 828 847 diximus,
846 758 979 833 limites
996 758 1115 831 nullos
1132 759 1245 833 habet
1260 771 1399 856 praeter

358 881 501 944 naturae
515 871 633 967 legem
645 896 720 945 non
733 873 928 968 seriptum3
948 873 984 944 in
998 872 1258 968 systematibus
1270 883 1396 947 tumen

356 983 613 1072 subordinatis,
624 996 681 1056 tot
691 984 926 1057 limitationes
938 984 1036 1058 circa
1045 984 1199 1079 agenda,
1214 995 1394 1081 tempora,

356 1109 394 1169 et
410 1096 492 1169 loca
508 1098 722 1171 necessariae
740 1110 837 1183 sunt,
856 1110 895 1170 et
911 1122 1029 1193 neque
1048 1096 1126 1170 sine
1142 1098 1259 1172 literis
1277 1099 1394 1196 scrip-

355 1210 403 1284 tis
420 1211 598 1283 memoria
615 1211 777 1300 retineri,
795 1235 926 1307 neque,
943 1211 1013 1284 nisi
1030 1211 1148 1284 literae
1172 1210 1245 1284 illae
1261 1225 1393 1309 paten-

355 1335 412 1397 tes
431 1324 506 1395 sint
522 1334 560 1395 et
578 1348 731 1397 summae
747 1323 981 1397 authoritatis
1000 1324 1113 1420 signis
1125 1325 1292 1420 signatae,
1304 1349 1393 1423 cog-

354 1437 456 1510 nosci
474 1436 626 1532 possint.

402 1551 450 1623 Et
477 1550 648 1645 quoniam
679 1549 914 1624 limitationes
940 1573 1014 1621 non
1031 1573 1175 1647 semper
1190 1550 1309 1642 facile,
1327 1562 1394 1627 aut

353 1662 507 1735 fortasse
526 1664 674 1736 omnino
693 1663 851 1736 describi
876 1663 991 1736 literis
1016 1677 1191 1760 possunt;
1218 1664 1392 1739 determi-

352 1776 466 1865 nati0,
481 1775 568 1872 quid
585 1776 775 1872 systemati
788 1776 929 1849 licitum
942 1776 1001 1848 vel
1014 1777 1185 1851 illicitum
1196 1777 1297 1851 factu
1308 1778 1390 1867 erit,

351 1888 400 1960 ad
416 1889 515 1985 leges
533 1889 668 1978 civiles,
695 1889 760 1962 ubi
789 1889 905 1963 literae
932 1890 1021 1984 ipsae
1047 1891 1167 1981 silent,
1185 1892 1391 1964 necessario

351 2003 524 2099 pertinet.

403 2116 477 2189 Ubi
502 2116 540 2188 in
566 2127 763 2212 systemate
789 2114 1028 2189 subordinato
1045 2139 1203 2213 persona
1219 2126 1275 2190 est
1291 2140 1389 2190 unus

351 2230 474 2318 bomo,
502 2229 677 2326 quicquid
706 2229 767 2302 ille
796 2228 886 2302 facit
913 2229 953 2302 in
983 2253 1141 2326 persona
1177 2231 1388 2327 systematis

351 2343 489 2439 absque
507 2341 697 2415 literarum
714 2366 861 2416 suarum
879 2353 916 2416 et
939 2343 1060 2439 legum
1079 2342 1240 2415 civilium
1257 2343 1388 2417 autho·

350 2457 471 2546 ritate,
495 2480 602 2529 suurn
625 2456 749 2553 ipsius,
777 2481 851 2529 non
878 2457 1098 2553 systematis,
1123 2480 1241 2552 neque
1272 2457 1387 2529 alicu-

346 2571 406 2665 jus
424 2573 500 2666 ejus
511 2570 665 2641 membri
679 2581 925 2665 praeterquam
939 2569 996 2641 sui
1012 2568 1138 2663 ipsiuS,
1156 2569 1295 2643 factum
1313 2581 1385 2654 est;

348 2694 545 2779 propterea
562 2681 660 2777 quod
682 2683 779 2755 ultra
795 2682 928 2755 limites
945 2683 1060 2755 literis
1078 2696 1116 2755 et
1133 2684 1273 2780 legibus
1291 2709 1386 2780 prae-

350 2796 506 2891 scriptos
518 2796 672 2868 neminis
688 2807 932 2892 praeterquam
950 2820 1052 2869 suam
1066 2797 1178 2892 ipsius
1191 2822 1386 2894 personam

348 2908 470 2982 habet.
523 2909 708 3006 Quicquid
717 2921 840 2982 autern
849 2910 957 3006 juxta
966 2909 1066 3005 leges
1084 2921 1121 2983 et
1138 2911 1264 2984 literas
1281 2911 1384 3002 facit,

237 3023 240 3031 ’
348 3023 560 3096 factumest
586 3024 871 3120 uniuscujusque
893 3023 1051 3096 hominis
1073 3048 1201 3097 eorum
1219 3023 1281 3120 qui
1308 3048 1385 3121 sys-

346 3138 699 3220 temaconstituunt;
718 3135 817 3232 quod
830 3137 1114 3209 enimasumma
1126 3148 1314 3233 potestate
1326 3138 1381 3227 fit,

347 3252 467 3348 ipsum
478 3252 674 3325 facientem
684 3251 874 3324 authorem
886 3251 1012 3334 habet;
1028 3251 1113 3345 quia
1123 3251 1273 3339 facturn,
1285 3249 1384 3346 quod

346 3364 500 3438 aliteris
517 3377 554 3437 et
580 3364 721 3460 legibus
739 3388 890 3437 summae
912 3365 1102 3461 potestatis
1129 3388 1202 3436 non
1231 3365 1383 3454 recedit,

346 3477 459 3575 ipsius
486 3502 637 3551 summae
665 3478 856 3574 potestatis
886 3478 1026 3551 facturn
1053 3489 1130 3562 est;
1157 3488 1194 3550 et
1214 3478 1382 3574 proinde,

346 3591 490 3686 singula
502 3591 708 3686 systematis
724 3593 888 3664 membra
897 3592 1069 3664 authores
1086 3592 1207 3663 habet.

396 3706 447 3776 At
465 3705 495 3777 si
512 3729 668 3801 persona
685 3705 890 3801 systematis
909 3718 1025 3777 coetus
1043 3704 1103 3793 sit,
1121 3702 1296 3799 quicquid
1321 3703 1382 3776 ille

346 3828 462 3892 coetus
487 3831 624 3915 praeter
639 3818 763 3913 legum
781 3830 820 3890 et
837 3817 1026 3890 literarum
1044 3841 1191 3889 suarum
1217 3817 1382 3890 authori-

344 3943 457 4005 tatem
474 3931 602 4005 fecerit
627 3931 684 4004 vel
701 3931 915 4020 decreverit,
932 3930 1071 4002 facturn
1088 3941 1144 4004 est
1166 3931 1280 4003 totius
1303 3953 1383 4027 sys-

344 4046 501 4134 tematis,
520 4055 557 4118 et
574 4056 753 4141 praeterea
769 4043 1052 4139 uniuscujusque
1078 4066 1205 4118 eorum
1223 4067 1382 4138 quorum

344 4159 526 4255 suffragiis
540 4159 728 4232 decretum
741 4156 851 4229 fuerit
866 4186 875 4239 ;
903 4156 966 4228 sed
978 4180 1095 4253 neque
1109 4156 1278 4246 bominis,
1291 4180 1381 4230 con-

344 4286 401 4346 tra
414 4274 517 4369 cujus
535 4271 746 4367 suffragium
763 4269 901 4342 facturn
921 4281 985 4342 aut
1003 4268 1191 4343 decretum
1211 4280 1301 4358 erat,
1315 4293 1380 4343 ne-
