2926 4980
326 329 396 408 170
696 352 750 403 ns
770 353 978 408 crvrrnrn.

126 547 201 597 cip,
215 550 289 601 χχι,
320 513 442 605 faciat,
456 516 577 612 priore
587 518 811 614 obligatione
822 521 1143 619 civestliberuntur,
1150 523 1360 620 debentque

137 632 280 739 M
320 629 452 702 victori
473 630 730 706 obedientiam.
772 633 909 707 Verum
925 635 957 707 si
981 646 1109 733 eaptus
1138 636 1359 726 detineatur,

137 763 224 807 unua
319 752 540 839 potestatem
558 769 667 841 quam
684 746 843 820 habebat
862 747 902 819 in
915 748 1064 822 civitate
1082 773 1148 823 sua
1165 773 1358 840 summam,

319 855 522 951 perdidisse
533 883 608 931 non
619 858 848 956 intelligitur.
876 861 1000 934 Quare
1018 862 1154 935 subditi
1172 865 1251 959 ejus
1269 862 1361 936 obli-

319 982 454 1065 gantur
477 971 722 1045 obedientiam
750 973 1025 1070 magistratibus
1039 975 1086 1047 ab
1104 999 1147 1048 eo
1164 985 1252 1048 ante
1270 999 1359 1049 eon-

319 1082 456 1156 stitutis
486 1095 524 1158 et
549 1085 696 1159 nomine
724 1087 814 1182 ejus,
843 1110 1051 1182 quanquam
1077 1086 1116 1160 in
1143 1088 1359 1184 captivitate

318 1195 519 1286 existentis,
545 1199 689 1272 solitam
706 1211 893 1295 praestare.
945 1200 1123 1273 Manente
1147 1201 1246 1273 enim
1272 1202 1359 1297 jure

318 1311 407 1405 ejus
427 1313 582 1407 quaestio
601 1311 646 1384 de
659 1313 738 1385 sola
754 1311 1069 1386 administratione
1087 1323 1153 1403 est,
1171 1313 1209 1386 id
1227 1326 1296 1404 est,
1311 1315 1358 1389 de

316 1425 592 1520 magistratibus
610 1437 648 1498 et
663 1425 862 1509 ministris;
890 1449 980 1521 quos
1006 1426 1093 1521 quia
1117 1425 1193 1522 ipse
1219 1428 1358 1500 consti-

317 1546 421 1609 tuere
438 1560 503 1610 suo
521 1538 673 1611 arbitrio
689 1562 764 1611 non
781 1549 917 1634 potest,
935 1538 1029 1628 illos,
1047 1563 1139 1635 quos
1165 1539 1243 1636 ipse
1268 1552 1357 1615 ante

317 1650 572 1741 constituerat,
584 1652 740 1747 probare
756 1651 986 1749 intelligitur.

686 1969 847 2043 CAPUT
873 1969 1001 2042 XXII.

588 2120 635 2168 DE
654 2118 916 2168 SYSTEMATIBUS
940 2118 1078 2169 ClVlUlll.

314 2222 375 2295 Dn
394 2223 641 2318 generatione,
653 2222 782 2311 forma,
795 2234 833 2295 et
846 2233 1030 2319 potestate
1040 2221 1198 2294 civitatis
1213 2220 1353 2294 dictum

314 2346 380 2409 est.
432 2335 638 2409 Dicendum
668 2359 766 2408 nunc
794 2344 850 2407 est
880 2334 926 2407 de
954 2334 1120 2430 partibus
1141 2335 1231 2429 ejus.
1284 2333 1354 2408 Per

314 2459 479 2545 systema
503 2450 668 2545 intelligo
694 2473 879 2522 numerum
902 2472 1150 2545 quemcunque
1172 2447 1353 2520 hominum

314 2560 352 2633 in
369 2585 447 2634 rem
465 2563 630 2660 ipsorum
648 2586 864 2634 communem
881 2559 1209 2658 congredientium.
1249 2560 1352 2634 Quo-

313 2697 395 2746 rum
412 2674 484 2747 alia
501 2674 713 2773 regularia,
731 2675 804 2746 alia
818 2672 1055 2771 irregularia
1078 2686 1174 2745 sunt.
1226 2672 1353 2771 Regu-

312 2786 416 2860 laria
435 2787 584 2884 quidem
614 2812 658 2860 ea
675 2797 774 2875 sunt,
793 2786 832 2859 in
860 2787 992 2882 quibus
1017 2786 1128 2858 homo
1144 2786 1204 2859 vel
1232 2800 1351 2860 coetus

313 2925 406 2973 unus
423 2924 615 2997 personam
634 2899 730 2996 gerit
748 2899 920 2972 omnium.
973 2898 1117 2971 Caetera
1133 2909 1256 2972 autem
1274 2924 1351 2974 om·

312 3016 375 3087 nia
391 3027 477 3086 sunt
494 3013 744 3112 irregularia.

363 3128 599 3224 Regularium
612 3127 685 3199 alia
702 3126 877 3199 absoluta
896 3134 993 3212 sunt,
1005 3124 1079 3197 sive
1098 3125 1350 3222 independen-
1390 3174 1392 3178 v

312 3242 380 3332 tia,
398 3242 437 3314 id
454 3254 521 3332 est,
533 3241 671 3313 nemini
688 3240 835 3313 subdita
846 3250 1090 3337 praeterquam
1103 3262 1178 3312 suae
1188 3241 1349 3335 propriae

310 3381 476 3453 personae
492 3355 824 3453 repraesentativae;
852 3353 976 3450 quales
1003 3364 1089 3425 sunt
1114 3352 1293 3440 civitates,
1310 3362 1349 3426 et

311 3469 459 3566 quidem
476 3469 573 3543 solae.
626 3470 681 3541 De
707 3470 838 3565 quibus
856 3468 994 3541 dietum
1017 3468 1094 3563 jum
1111 3477 1167 3539 est
1183 3465 1222 3538 in
1241 3465 1348 3562 quin-

310 3608 381 3679 que
398 3583 564 3680 proxime
582 3581 828 3679 superioribus
847 3581 1039 3678 capitibus.
1066 3578 1151 3652 Alia
1163 3592 1250 3651 sunt
1262 3577 1348 3650 aub-

310 3698 501 3786 0rdinata,
512 3720 654 3792 nempe,
666 3719 816 3768 summae
828 3694 1001 3792 potestati
1015 3692 1184 3782 civitatis,
1195 3691 1254 3765 cui
1268 3703 1348 3765 tum

308 3812 453 3908 singuli,
480 3809 696 3884 tumetium
723 3810 786 3906 qui
812 3811 974 3906 ipsorum
1002 3830 1196 3903 personam
1233 3805 1344 3902 gerit,

309 3927 563 4022 subjiciuntur.

358 4042 414 4112 De
432 4038 688 4136 systematibus
711 4034 955 4108 subordinatis
972 4033 1044 4106 alia
1063 4030 1229 4130 politica
1248 4041 1347 4120 sunt,

308 4152 380 4223 alia
398 4153 571 4250 priuata.
638 4148 814 4238 Politian,
841 4171 923 4243 quae
949 4147 1072 4219 vocari
1093 4145 1203 4218 etiam
1227 4142 1348 4217 solent

309 4288 471 4362 corpora
482 4264 658 4363 politica,
676 4287 720 4335 ea
736 4271 833 4351 sunt,
848 4284 931 4357 quae
941 4259 987 4332 ab
1005 4257 1229 4332 authoritate
1247 4280 1347 4330 sum-
