2926 4980
519 342 574 393 on
595 341 777 396 souma.
1120 327 1167 406 75

119 507 238 594 niam,
255 520 293 578 et
309 505 457 579 Italiam
480 508 656 596 manavit,
674 532 747 603 quo
766 522 932 604 tempore
951 533 1084 605 magno
1101 533 1169 581 nu·
1215 545 1293 597 car.
1304 547 1340 597 χ,

122 629 308 693 mereant
326 619 503 692 Romanis
520 632 584 694 aut
602 621 748 696 sibimet
768 621 856 718 ipsis
873 624 912 697 in
928 624 986 698 his
1003 622 1168 719 partibus
1181 626 1382 746 offla,

123 732 253 806 mundi
269 731 560 806 occidentalibus
577 733 838 822 militaverunt.
1178 753 1383 807 armatum

174 846 372 920 Germania
391 846 491 918 enim
515 870 598 919 cum
621 858 717 920 esset
739 848 955 943 antiquitus,
978 849 1075 922 sicut
1098 872 1169 922 cae-

125 974 215 1035 terae
230 971 374 1056 gentes,
392 959 510 1033 divisa
525 959 622 1034 inter
639 984 835 1034 numerum
857 960 1044 1057 ingentem
1060 985 1169 1057 regu-

125 1075 246 1147 lorum
271 1072 502 1168 exiguorum,
530 1071 604 1144 sive
632 1072 755 1168 potius
782 1085 930 1168 patrum
952 1098 1170 1169 magnarum

127 1186 359 1274 familiarum,
372 1198 551 1282 perpetuo
567 1186 665 1259 inter
682 1210 721 1260 se
739 1186 965 1275 bellantium,
982 1187 1101 1282 reguli
1118 1186 1171 1261 illi

127 1299 296 1386 maxime,
314 1308 358 1371 ut
383 1298 549 1394 cooperti
565 1298 676 1371 armis
694 1322 718 1371 a
734 1299 912 1372 militibus
929 1299 1003 1373 suis
1022 1300 1170 1396 dignos·

127 1424 311 1499 serentur,
330 1412 466 1507 partim
489 1411 601 1485 etiam
623 1412 830 1486 ornamenti
846 1437 967 1502 eausa,
985 1438 1089 1487 arma
1104 1438 1172 1487 sua

127 1539 193 1598 aut
215 1538 323 1598 scuta
344 1539 409 1597 aut
433 1525 599 1598 tunicam
622 1524 782 1620 imagine
809 1527 990 1601 ornabant
1015 1526 1170 1623 alicujus

128 1640 259 1712 beatiae
269 1638 328 1711 vel
340 1639 433 1711 alius
444 1639 519 1721 rei;
545 1639 658 1712 etiam
667 1639 849 1713 visibilem
872 1651 998 1713 notam
1011 1639 1172 1734 aliquam

129 1752 261 1826 cassidi
278 1741 543 1847 imposuerunt.
580 1752 673 1826 Quae
691 1762 909 1825 ornamenta
925 1752 1001 1825 sive
1014 1752 1173 1848 insignia

129 1890 314 1942 armorum
339 1865 387 1938 nd
410 1866 507 1939 lilios
531 1890 616 1939 suos
642 1866 937 1951 descendebant;
964 1867 1172 1962 etquidem

130 1981 177 2054 ad
192 1994 284 2054 natu
300 1979 513 2069 maximum,
531 1980 627 2053 sicut
650 1993 757 2054 erant
773 2005 796 2053 a
812 1991 917 2076 patre
933 1991 1098 2077 gestata3
1124 1981 1172 2054 ad

132 2104 283 2167 caeteros
306 2105 432 2167 autem
455 2117 539 2166 cum
560 2105 651 2167 nota
669 2094 791 2190 aliqua
810 2094 1067 2183 distinctionis,
1085 2118 1173 2191 qua-

131 2208 203 2281 lem
230 2207 402 2304 princeps
428 2204 589 2293 familiae,
617 2205 657 2279 id
686 2219 743 2280 est
774 2207 1002 2297 Germanice,
1034 2207 1172 2296 hercl,

133 2320 389 2393 constituebat.
443 2319 515 2391 Sed
531 2318 678 2415 quando
694 2319 905 2416 hujusmodi
921 2321 1068 2394 familiae
1086 2344 1174 2393 con-

130 2436 265 2529 junctae
281 2433 445 2520 fuerunt,
463 2432 516 2504 ita
531 2442 574 2505 nt
592 2455 726 2526 magna
744 2433 822 2526 jam
844 2433 1058 2506 monarchia
1073 2433 1174 2506 facta

135 2559 238 2635 esset,
252 2546 415 2620 officium
437 2545 509 2618 hoe
531 2545 707 2641 principis
724 2545 884 2635 familiae,
902 2558 1008 2619 scuta
1024 2546 1099 2619 sive
1116 2545 1173 2618 in-

135 2661 247 2756 signia
281 2659 543 2747 constituendi,
576 2658 637 2731 alii
673 2658 935 2732 demandatum
965 2669 1033 2741 est,
1064 2681 1173 2753 quem

134 2798 228 2846 nunc
241 2773 431 2869 appellant
446 2771 653 2844 beraldum.
696 2773 821 2869 Atque
839 2796 885 2843 ex
901 2771 1047 2844 illorum
1065 2794 1173 2867 regu-

134 2888 248 2961 lorum
265 2886 393 2960 sobole
406 2898 491 2959 orta
507 2897 563 2958 est
580 2886 740 2958 maxima
756 2897 794 2959 et
811 2885 1076 2980 antiquissima,
1092 2908 1173 2980 quae

133 3024 228 3073 nunc
259 3014 328 3088 est,
359 3000 397 3073 in
427 2998 497 3071 hac
526 3011 632 3096 parte
658 2999 756 3072 orbis
786 2998 968 3072 nobilitas.
1020 2997 1174 3073 Gestant

132 3125 256 3187 autem
277 3124 341 3186 aut
363 3113 535 3186 animalia
557 3113 687 3209 rapina
704 3126 742 3185 et
758 3113 973 3186 fortitudine
990 3123 1090 3201 nota,
1109 3124 1175 3186 aut

132 3240 267 3312 castra,
284 3227 389 3315 valla,
414 3227 499 3315 tela,
524 3238 562 3300 et
588 3227 769 3323 ejusmodi
790 3239 896 3299 notas
920 3227 1018 3299 belli.
1071 3224 1174 3298 Nihil

134 3340 230 3411 enim
247 3339 320 3413 illis
336 3339 560 3434 temporibus
577 3339 614 3411 in
632 3340 753 3435 pretio
770 3350 874 3412 tanto
897 3352 977 3412 erat
997 3348 1174 3435 quantum

134 3454 249 3525 virtus
266 3451 408 3526 bellica.
460 3452 591 3525 Postea
610 3465 734 3524 autem
751 3476 825 3525 non
842 3451 962 3525 solum
974 3474 1091 3546 reges,
1110 3449 1175 3523 sed

135 3567 246 3639 etiam
270 3566 439 3638 civitates
462 3565 656 3662 populares
674 3566 892 3638 exeuntibus
909 3565 947 3637 in
963 3564 1100 3637 bellum
1115 3563 1175 3634 vel

134 3705 157 3753 a
172 3680 270 3753 bello
286 3679 536 3769 redeuntibus,
555 3679 800 3775 provocandae
817 3679 874 3751 vel
898 3675 1175 3751 remunerandae

135 3794 280 3866 virtutis
308 3816 429 3880 causa,
455 3803 560 3864 scuta
585 3790 830 3865 diversimodo
856 3793 957 3888 picta
986 3812 1174 3864 concesse-

135 3920 233 3979 runt.
278 3907 372 3981 Quae
384 3907 508 3979 omnia
524 3907 561 3979 in
578 3905 742 3980 historiis
759 3905 931 4002 antiquis
945 3918 1025 3978 tum
1038 3902 1175 3976 Graecis

136 4033 217 4093 tum
231 4020 382 4108 Latinis,
399 4020 462 4092 ubi
481 4019 527 4092 de
545 4021 811 4092 Germanorum
832 4029 941 4112 gente
959 4027 996 4088 et
1013 4015 1176 4088 moribus

137 4134 252 4208 verba
266 4132 418 4219 faciunt,
436 4133 592 4205 inveniri
608 4145 773 4228 possunt.

190 4245 352 4317 Honoris
369 4244 478 4332 tituli,
498 4245 622 4340 quales
640 4258 724 4317 sunt
742 4245 829 4330 dux,
848 4264 981 4329 comes,
999 4240 1175 4328 marchio,
