2926 4980
342 353 410 421 1³0
719 370 773 422 nn
794 371 1000 425 cwl'rATn.

135 569 315 623 canxvu.
335 546 479 633 putant,
498 537 643 634 quique,
662 536 750 610 dum
776 561 842 611 suo
871 539 1023 635 quisque
1046 538 1155 613 modo
1174 538 1375 613 reformare

126 652 311 771 „effi
335 652 475 739 volunt,
489 651 667 724 dissident
682 653 779 724 inter
792 676 831 725 se
849 664 886 724 et
900 653 986 725 belli
1004 676 1113 726 causa
1129 666 1226 726 sunt.

124 779 308 888 fflff‘d‘i·
388 766 545 854 Quarto,
570 766 742 839 animaha
768 766 841 856 illa,
870 767 939 839 etsi
964 766 1012 839 ad
1042 765 1262 862 cupiditates
1290 791 1374 840 suas

216 847 316 889 ’Μ
336 879 594 975 significandas
618 881 715 953 inter
740 903 778 952 se
803 880 904 953 vocis
929 903 1035 952 usum
1052 880 1214 953 habeant
1238 890 1376 976 quanto

335 1004 456 1088 egent,
468 994 662 1066 verborum
673 1005 797 1066 tamen
808 1005 887 1066 arte
900 992 963 1067 illa
974 1004 1112 1082 carent,
1126 993 1376 1088 qudhomines

335 1106 398 1180 alii
422 1105 502 1195 aliis
526 1105 643 1179 rideri
670 1105 809 1180 iaciunt
833 1106 972 1178 honum
996 1105 1144 1195 malum,
1172 1116 1209 1179 et
1238 1107 1375 1179 malum

334 1220 496 1305 bonum;
523 1245 697 1317 magnum
713 1243 878 1316 parvum,
894 1231 932 1292 et
948 1242 1102 1315 parvum
1112 1243 1310 1315 magnum
1338 1229 1375 1293 et

334 1335 428 1408 alter
444 1335 593 1408 alterius
606 1335 767 1408 actiones
777 1333 830 1405 ita
840 1331 1087 1427 reprehendit,
1098 1343 1141 1404 ut
1154 1331 1241 1405 inde
1257 1333 1375 1406 turbae

333 1448 509 1522 oriantur.

385 1560 536 1649 Quinto,
562 1559 734 1633 animaiia
759 1559 869 1630 bruta
894 1557 991 1629 inter
1018 1556 1188 1654 injuriam
1210 1569 1248 1631 et
1273 1557 1375 1631 dam-

334 1698 422 1747 num
446 1698 522 1747 non
553 1673 794 1767 distinguunt.
848 1671 977 1765 Itaque
1004 1669 1179 1766 quamdiu
1194 1671 1289 1745 bene
1305 1671 1373 1744 sibi

333 1799 401 1876 est,
416 1787 557 1860 caeteris
575 1809 650 1858 non
661 1785 837 1859 invident.
891 1785 1015 1871 Homo
1026 1796 1150 1856 autem
1166 1794 1256 1856 tunc
1273 1808 1374 1857 max-

333 1899 406 1973 ime
429 1899 605 1973 molestus
623 1909 689 1987 est,
712 1897 858 1993 quando
883 1897 959 1969 otio
987 1897 1190 1994 opibusque
1216 1899 1374 1973 maxime

333 2012 509 2087 abundat.
545 2011 649 2084 Tunc
663 2010 761 2083 enim
775 2010 990 2106 sapientiam
1005 2032 1109 2082 suam
1119 2010 1374 2107 iuregentium

333 2125 539 2199 actionibus
557 2121 866 2219 reprehendendis
883 2132 1068 2195 ostentare
1085 2133 1196 2196 amat.

384 2239 584 2326 Postremo,
595 2237 806 2311 animalium
822 2236 969 2309 illorum
993 2236 1183 2309 consensio
1200 2250 1375 2314 anatum

335 2359 413 2435 est;
432 2350 623 2427 consensio
634 2361 758 2423 autem
771 2349 1123 2446 hominumapactis
1132 2361 1200 2438 est,
1212 2363 1250 2426 et
1260 2353 1374 2427 artifi-

334 2465 436 2538 ciale.
489 2464 626 2538 Mirum
657 2487 745 2560 ergo
773 2476 938 2553 nonest,
962 2464 993 2535 si
1020 2462 1068 2536 ad
1097 2464 1311 2538 firmitatem
1336 2477 1374 2538 et

335 2577 564 2652 durationem
592 2579 671 2674 ejus
702 2577 802 2651 aliud
829 2588 965 2673 praeter
988 2588 1136 2673 pactum
1153 2579 1374 2673 requiratur,

334 2714 466 2787 nempe
488 2691 653 2787 potentia
670 2690 872 2763 communis
890 2714 1001 2786 quam
1027 2690 1161 2787 singuli
1192 2702 1372 2781 metuant,

334 2814 373 2876 et
390 2828 472 2899 quae
489 2805 651 2878 omnium
676 2804 839 2877 actiones
857 2803 905 2876 ad
931 2803 1069 2875 honum
1096 2827 1292 2879 commune
1313 2829 1373 2879 or-

335 2916 449 2991 diuet.

385 3030 624 3104 Communem
651 3039 773 3101 autem
799 3030 1001 3125 potentiam
1019 3029 1278 3118 constituendi,
1290 3053 1374 3124 quae

333 3144 501 3216 homines
524 3153 604 3216 tum
621 3143 667 3215 ab
684 3143 871 3216 invasione
888 3154 1098 3216 exterorum
1116 3154 1194 3216 tum
1213 3143 1260 3216 ab
1278 3143 1375 3240 inju-

336 3257 398 3330 riis
411 3257 549 3330 mutuis
566 3257 662 3331 tueri
678 3256 805 3352 possit,
824 3257 876 3329 ita
893 3268 935 3330 ut
951 3256 1110 3353 propriae
1127 3256 1319 3331 industriae
1335 3270 1374 3329 et

337 3370 476 3443 telluris
489 3370 613 3442 fructu
630 3369 795 3442 contenti
817 3369 943 3442 vivant
960 3380 997 3441 et
1013 3369 1171 3458 alantur,
1188 3369 1297 3443 unica
1313 3360 1382 3443 ria

335 3483 415 3556 haec
432 3492 509 3567 est;
535 3494 578 3555 111
590 3482 794 3578 potentiam
808 3494 846 3555 et
856 3482 930 3555 vim
943 3506 1046 3555 suam
1058 3506 1204 3557 omnem
1215 3482 1254 3555 in
1270 3482 1374 3557 hom-

335 3596 432 3671 iuem
444 3596 502 3668 vel
514 3596 702 3669 hominum
716 3607 853 3669 coetum
864 3619 979 3668 unum
989 3595 1241 3693 unusquisque
1253 3606 1375 3671 trans-

333 3709 439 3797 ferat,
452 3709 549 3782 unde
566 3709 774 3781 voluntates
788 3708 950 3782 omnium
967 3706 1015 3780 ad
1031 3707 1178 3780 unicam
1194 3707 1374 3782 reducan-

334 3837 395 3898 tur
409 3856 419 3908 ;
445 3823 484 3896 id
496 3833 563 3913 est,
573 3833 616 3895 ut
628 3846 723 3895 unus
738 3823 849 3896 homo
866 3821 923 3895 vel
941 3832 1057 3894 coetus
1067 3844 1162 3894 unus
1178 3844 1374 3916 personam

333 3949 438 4034 gerat
451 3936 735 4032 uniuscujusque
745 3935 903 4009 hominis
916 3935 1122 4031 singularis,
1132 3947 1247 4032 utque
1259 3958 1374 4009 uuus-

334 4052 487 4147 quisquc
510 4051 701 4123 authorem
733 4072 772 4121 se
795 4072 873 4122 esse
903 4048 1063 4122 fateatur
1082 4049 1269 4123 actionum
1295 4072 1374 4123 om-

334 4164 435 4235 nium
461 4187 550 4259 quas
567 4163 685 4259 egerit
702 4186 859 4258 persona
883 4162 956 4252 illa,
971 4165 1121 4259 ejusque
1138 4162 1318 4236 voluntati
1336 4173 1375 4237 et

330 4275 469 4372 judicio
483 4277 711 4350 voluntatem
728 4300 830 4351 suam
844 4276 1049 4349 submittat.
1085 4277 1152 4349 Est
1168 4286 1292 4351 autem
1302 4275 1373 4351 hoc
