2926 4980
363 398 417 450 on
437 397 630 450 crvrrurn
650 395 917 449 oneramus.
1084 379 1157 448 403

120 565 167 638 ab
194 565 367 639 exercitio
397 566 525 639 talium
553 565 784 639 functionum
809 588 848 639 sc
877 562 1067 652 abstinuit,
1094 561 1159 636 sed
1183 596 1357 648 mmm,

120 678 232 750 etiam
249 701 371 751 rerum
389 677 717 751 ecclesiasticarum
734 698 860 750 curam
877 675 1078 772 diplomate
1094 698 1159 748 suo
1196 677 1343 798 Μ

121 791 375 888 episcoporum
401 789 656 864 convocationi
677 814 752 863 uns
767 813 854 863 cum
869 787 997 886 paucis
1013 787 1160 861 consili·
1197 805 1350 852 ecetesiam

121 905 207 978 ariis
225 904 301 977 suis
318 915 435 977 totam
453 904 649 977 commisit

171 1019 229 1091 Ab
246 1019 316 1091 hac
328 1018 421 1112 juris
433 1018 548 1091 civilis
566 1030 604 1090 et
617 1016 854 1090 ecclesiastici
872 1013 1160 1089 consolidatione

121 1143 339 1229 potestatem
349 1132 488 1205 habent
501 1155 606 1227 reges
618 1129 818 1203 Christiani
828 1129 868 1203 in
881 1127 1048 1202 subditos
1060 1149 1157 1214 suos,

120 1258 197 1319 tam
214 1246 252 1317 in
270 1245 379 1317 rebus
396 1243 445 1317 ad
461 1244 676 1340 religionem
695 1267 805 1339 quam
821 1242 868 1316 ad
885 1241 1052 1338 politiam
1076 1263 1160 1337 per-

122 1358 338 1443 tinentibus,
357 1369 532 1453 quantam
559 1358 669 1431 homo
698 1356 839 1430 homini
865 1379 976 1452 super
1002 1354 1161 1449 seipsum

121 1472 211 1545 darc
228 1479 362 1567 potest.
415 1471 539 1543 Potest
556 1494 643 1567 ergo
660 1471 704 1560 is,
722 1469 798 1541 sive
814 1470 924 1542 homo
939 1469 1014 1541 sive
1033 1476 1161 1555 coetus,

122 1583 186 1680 qui
210 1607 392 1656 summam
407 1582 519 1657 habet
535 1594 770 1680 potestatem,
792 1606 916 1656 rerum
942 1579 1162 1655 ecclesiasti-

122 1720 251 1770 carum
277 1720 375 1769 curae
392 1697 580 1792 praeficere
597 1698 636 1770 in
654 1697 824 1770 dominiis
842 1697 928 1784 suis,
943 1695 974 1769 si
991 1693 1162 1781 voluerit,

122 1820 165 1882 ut
181 1809 220 1881 in
237 1808 402 1905 plurimis
420 1807 509 1881 locis
527 1808 638 1882 hodie
657 1809 740 1882 fieri
766 1809 961 1897 cernimus,
977 1807 1163 1880 hominem

122 1932 329 1995 externum.
399 1919 472 1993 Sed
490 1921 520 1993 is
538 1920 601 2016 qui
619 1920 672 1994 sic
697 1921 911 2016 praeficitur,
927 1921 1020 2015 jure
1046 1917 1162 2005 civili,

123 2060 198 2108 non
215 2037 309 2130 jare
325 2033 463 2123 divino,
481 2035 601 2108 officio
625 2059 692 2108 suo
717 2035 909 2131 fungitur;
936 2044 974 2106 et
996 2031 1162 2128 proinde,

123 2149 266 2245 quotics
290 2148 389 2221 bono
418 2147 567 2243 publico
592 2147 791 2244 expedibit,
815 2146 945 2221 eodem
967 2147 1063 2241 jure,
1090 2169 1164 2240 quo

123 2261 320 2358 praefectus
332 2270 423 2348 erat,
437 2259 570 2356 deponi
583 2284 709 2333 rursus
721 2271 855 2356 potest.
895 2260 1022 2333 Potest
1039 2256 1163 2345 etiam,

125 2374 191 2470 qui
207 2397 385 2447 summam
400 2373 513 2446 habet
529 2385 763 2470 potestatem,
783 2373 970 2470 religionis
989 2394 1165 2468 procura-

126 2488 266 2560 tionem
278 2487 344 2559 uni
361 2511 406 2560 ex
418 2486 557 2560 civibus
567 2487 626 2559 vel
641 2487 777 2560 civium
796 2486 909 2560 coetui
921 2484 1163 2572 committere,

126 2601 159 2675 si
176 2601 346 2689 voluerit,
359 2611 651 2697 potestatemque
668 2600 721 2672 illi
738 2600 851 2684 dare3
876 2599 935 2672 vel
952 2597 1068 2672 titulis
1082 2619 1165 2693 pas-

124 2725 237 2800 toreS,
253 2713 386 2810 quibus
402 2713 493 2802 vult,
519 2737 663 2803 ornare,
688 2723 726 2785 et
750 2713 849 2786 circa
873 2735 1001 2785 eorum
1027 2733 1167 2783 morco-

126 2826 214 2899 dem
231 2837 269 2898 ct
284 2824 460 2897 alimenta
475 2825 576 2920 leges
599 2825 823 2898 constituere
852 2848 944 2921 quas
967 2822 1036 2919 ipsi
1063 2821 1165 2894 vide·

126 2940 228 3012 bitur
243 2971 253 3023 ;
279 2937 388 3012 modo
406 2938 506 3034 quod
522 2939 622 3027 facit,
641 2962 686 3011 ex
704 2938 847 3011 sincere
863 2934 1101 3025 conscientia,
1120 2933 1166 3007 de

128 3077 202 3148 qua
227 3050 371 3148 judicat
398 3051 496 3123 solus
522 3052 633 3141 Deus,
663 3051 928 3148 proficiscatur.
991 3047 1166 3143 Ejusdem

128 3166 239 3238 etiam
257 3179 324 3253 est,
344 3164 617 3262 Scripturarum
631 3167 825 3239 Sacrorum
842 3167 1062 3260 interpretes
1079 3187 1167 3237 con-

128 3279 293 3365 stituere,
306 3290 349 3350 ut
367 3279 469 3373 eujus
486 3278 710 3352 authoritate
722 3280 816 3352 fiunt
832 3279 943 3374 leges.
993 3276 1167 3371 Ejusdem

128 3390 240 3463 etiam
258 3403 327 3479 est,
345 3392 782 3465 excommunicationibus
802 3392 877 3464 vim
899 3399 1077 3486 praestare
1100 3411 1168 3483 per

130 3503 229 3599 leges
246 3527 330 3576 suas
347 3503 532 3599 poenales;
558 3505 691 3600 quibus
717 3504 879 3578 libertini
902 3501 1076 3576 obstinati
1100 3500 1168 3572 hu-

130 3617 274 3706 miliari,
292 3629 331 3689 et
347 3615 396 3688 ad
413 3617 586 3690 unionem
604 3643 688 3691 cum
706 3619 861 3692 molesia
873 3615 997 3690 reduci
1015 3613 1169 3711 possint.

131 3732 355 3803 Potestatem
371 3728 526 3824 denique
538 3731 576 3802 in
589 3731 697 3803 rebus
710 3732 890 3818 omnibuS,
900 3740 979 3802 tum
990 3726 1169 3813 civilibus,

131 3856 210 3916 tum
238 3842 505 3931 ecclesiasticis,
529 3857 710 3939 quatenus
734 3845 782 3918 ad
805 3845 969 3918 actiones
996 3851 1034 3912 et
1058 3839 1171 3912 verba

131 3957 276 4046 attinet,
294 3978 473 4028 summam
496 3956 620 4028 habet.
672 3960 845 4032 Actiones
874 3957 971 4030 enirn
995 3963 1034 4024 et
1058 3953 1171 4025 verba

133 4083 278 4142 tantum
296 4069 484 4163 cognosci,
499 4078 537 4141 et
548 4071 595 4141 ab
608 4069 816 4144 hominibus
829 4065 994 4143 accusari
1004 4078 1170 4160 possunt.

133 4184 271 4255 Eorum
290 4194 428 4270 autem,
446 4206 528 4277 quae
554 4185 718 4256 accusari
743 4185 789 4257 ab
815 4183 964 4256 bomine
990 4202 1065 4251 non
1087 4203 1171 4275 pos-

131 4308 230 4386 sunt,
244 4295 359 4391 judex
377 4295 526 4368 omnino
543 4310 679 4393 praeter
695 4297 814 4370 Deum
831 4298 952 4370 nullus
970 4301 1036 4365 est.

940 4433 965 4482 o
981 4428 1037 4480 ua
