2926 4980
338 311 411 378 288
582 328 636 382 uu
657 329 844 382 crv1rnrn
865 330 1136 383 sumemus.

121 522 321 576 cccxxxiv.
337 517 422 566 cum
438 517 505 590 per
526 494 631 567 Mare
649 496 814 569 Rubrum
836 497 954 593 primo
968 497 1133 585 anteivit,
1154 505 1194 568 et
1217 518 1302 567 mox
1323 517 1381 568 sc-

122 611 472 724 mfflm‘lumus
499 620 567 696 est,
595 608 730 682 dicitur
760 612 870 701 (vers.
889 614 968 704 24),
990 610 1172 683 Dominus
1197 608 1287 704 ipse,
1316 632 1383 704 ap-

121 732 323 854 fflffl
334 721 530 817 parcitque
559 746 633 795 non
665 723 701 795 in
726 723 846 797 forma
868 725 1040 813 humana,
1065 723 1129 796 sed
1149 721 1277 812 (Exod.
1302 721 1380 795 xiii.

121 861 229 905 vomas·
248 863 308 920 ‚pra
335 834 399 927 21)
435 834 474 907 in
508 834 628 908 forma
663 836 852 925 columne,
883 836 1042 909 interdiu
1072 835 1220 932 quidem
1254 832 1379 924 nabes,

119 926 446 1048 lfflmnoctu
473 960 597 1020 autem
624 948 736 1047 ignia.
774 949 968 1045 Apparitio
986 962 1111 1021 tamen
1128 948 1207 1021 haec
1224 947 1380 1044 angelus

333 1072 423 1147 erat,
454 1084 561 1155 quem
588 1061 687 1134 Deus
717 1062 847 1153 (Exod.
867 1062 993 1135 xxxiii.
1018 1069 1055 1154 2)
1085 1061 1181 1133 Mosi
1208 1061 1380 1156 promisit

331 1173 571 1247 conducendo
586 1177 763 1250 exercitui
778 1208 788 1259 ;
815 1175 1015 1272 eademque
1028 1175 1157 1264 OExod.
1176 1174 1302 1246 xxxiii.
1320 1175 1375 1268 9.)

331 1286 563 1359 descendisse
588 1288 734 1379 dicitur,
752 1303 791 1362 et
814 1290 956 1362 stetisse
980 1301 1066 1361 ante
1092 1288 1226 1361 ostium
1254 1289 1379 1361 taber·

329 1400 463 1489 naculi,
481 1412 616 1474 etcum
635 1403 739 1476 Mose
757 1404 968 1500 colloquuta
984 1426 1073 1475 csse.
1110 1403 1239 1498 ltaque
1253 1414 1377 1474 motus

329 1525 367 1585 et
393 1538 525 1604 sermo,
545 1516 609 1612 qui
635 1518 774 1613 angelis
800 1516 954 1591 attribui
981 1516 1112 1600 solent,
1131 1514 1243 1587 ctiam
1274 1513 1375 1603 nabi,

329 1628 475 1723 quando
492 1631 699 1725 praesentiae
717 1631 851 1704 divinae
868 1631 1013 1727 signum
1035 1642 1092 1701 est
1117 1629 1245 1711 nubes,
1268 1627 1376 1700 attri-

327 1740 515 1824 buuntur;
542 1742 764 1839 angelusque
783 1759 862 1817 erat
881 1744 1008 1830 nubes
1031 1765 1106 1814 non
1124 1741 1244 1814 minus
1263 1765 1375 1837 quam

328 1853 359 1925 si
376 1854 475 1926 visus
494 1867 591 1929 esset
609 1856 645 1928 in
664 1859 784 1953 specie
801 1856 953 1931 formosi
970 1856 1088 1952 pueri,
1107 1855 1165 1927 vel
1183 1855 1312 1942 alatus
1330 1867 1375 1928 ut

325 1967 429 2063 pingi
456 1968 575 2042 solent
609 1971 742 2066 angeli.
794 1971 880 2044 Non
913 1970 1011 2042 enim
1039 1967 1168 2054 forma,
1188 1968 1253 2041 sed
1286 1991 1373 2041 usus

325 2079 414 2153 facit
428 2083 610 2178 angelum.
665 2085 762 2157 Usus
776 2095 898 2157 autem
925 2105 1052 2156 eorum
1067 2093 1134 2171 est,
1153 2093 1194 2155 ut
1211 2106 1373 2179 praesen-

324 2193 414 2267 tiam
432 2195 595 2269 divinam
613 2197 649 2270 in
669 2198 801 2270 divinis
819 2198 989 2295 operibus
1005 2195 1215 2269 hominibus
1232 2196 1373 2292 signifi-

326 2320 421 2380 cent.

377 2421 500 2495 Moses
525 2435 719 2520 rogaverat
747 2425 878 2512 Deum,
903 2433 944 2495 ut
975 2434 1096 2495 castra
1123 2423 1372 2496 Israelitarum

326 2535 576 2620 comitaretur,
601 2538 653 2609 ita
678 2550 720 2610 ut
750 2551 836 2610 ante
862 2536 965 2608 vituli
991 2537 1092 2608 aurei
1118 2535 1371 2609 adorationem

325 2670 469 2745 semper
496 2651 692 2724 comitatus
721 2664 822 2735 crat;
860 2661 897 2722 et
921 2650 972 2722 illi
1007 2649 1138 2743 (Exod.
1161 2649 1285 2722 xxxiii.
1309 2652 1366 2742 14)

325 2762 514 2858 respondit
542 2765 653 2853 Deus,
676 2764 888 2861 praesentia
919 2788 999 2835 mea
1037 2762 1272 2835 comitabitur
1304 2773 1368 2847 te;

324 2899 398 2946 non
430 2876 533 2967 dixit,
565 2878 709 2950 mittam
739 2875 924 2974 angelum.
993 2874 1065 2948 Sed
1101 2899 1184 2947 cum
1215 2874 1369 2950 instaret

325 2987 460 3078 Moses,
484 2991 652 3085 promisit
672 2990 724 3063 illi
745 2991 841 3062 Deus
865 3013 902 3061 se
924 2988 1117 3060 missurum
1143 2988 1205 3082 qui
1229 2990 1367 3062 exerci-

324 3113 403 3174 tum
438 3101 617 3186 duceret;
655 3114 692 3175 et
725 3113 920 3199 postquam
954 3100 1228 3172 tabernaculum
1261 3102 1369 3195 juxta

323 3228 549 3312 praeceptum
576 3217 724 3289 Domini
744 3216 968 3288 instruxerat
992 3214 1127 3302 Moses,
1147 3212 1246 3285 misit
1268 3215 1367 3289 Deus

323 3352 433 3425 super
458 3331 736 3402 tabernaculum
761 3330 908 3416 nubem,
936 3351 1008 3423 qua
1035 3338 1206 3399 manente
1240 3352 1367 3400 maue-

323 3455 417 3531 rent,
436 3453 473 3514 et
491 3442 692 3515 decedente
710 3454 830 3514 castra
848 3452 1038 3512 moverent
1056 3439 1242 3512 Israelitae.

372 3555 472 3628 Loca
488 3556 631 3629 Veteris
648 3555 886 3643 Testamenti,
898 3554 961 3625 ubi
975 3553 1185 3625 nominatur
1199 3553 1363 3649 angelus

322 3668 446 3741 omnia
459 3693 673 3764 percurrere
690 3670 840 3765 longum
859 3680 966 3740 esset.
998 3667 1089 3739 Dico
1101 3690 1189 3762 ergo
1204 3690 1364 3740 summa-

321 3780 399 3871 tim,
418 3794 561 3856 textum
579 3784 617 3856 in
634 3785 872 3856 Testamento
890 3781 1023 3853 Vetere
1047 3781 1189 3852 nullum
1207 3805 1298 3868 esse,
1317 3804 1363 3852 ex

321 3918 393 3989 quo
411 3896 538 3969 inferri
563 3907 696 3993 potest,
716 3896 911 3991 quicquam
935 3894 1002 3966 sub
1028 3894 1177 3965 nomine
1199 3893 1362 3990 spiritus

318 4022 384 4079 aut
409 4009 539 4106 angeli
563 4009 773 4106 significari,
792 4007 891 4104 quod
909 4031 982 4079 nou
1007 4006 1158 4079 haberet
1177 4006 1362 4101 quantita·

319 4131 405 4208 tem,
432 4133 496 4195 aut
516 4121 615 4218 quod
633 4124 678 4194 ab
696 4121 884 4195 intellectu
903 4119 1128 4193 considerari
1143 4143 1218 4191 non
1235 4133 1361 4215 posset

317 4258 384 4329 per
409 4248 543 4330 parteS,
563 4236 614 4308 ita
638 4247 679 4308 ut
703 4257 787 4331 pars
806 4235 884 4330 ejus
902 4257 975 4306 una
992 4233 1040 4304 sit
1057 4233 1095 4304 in
1113 4257 1186 4304 uno
1209 4232 1303 4321 locu,
1322 4243 1360 4306 et
