2926 4980
521 340 575 392 ns
594 334 777 393 nourrius.
893 312 896 319 ’
1121 326 1169 393 95

119 506 239 596 cibus,
252 506 336 602 quis
353 504 539 604 potentias
554 508 753 581 invisibiles
766 507 848 580 illas
862 507 1077 580 metuendas
1090 528 1169 580 esse
1203 547 1279 598 epp,
1291 546 1356 596 m,

121 619 265 708 credet,
279 619 415 715 quibus
431 619 493 693 ille
510 620 601 693 alios
617 631 758 694 terrere
774 620 913 694 vellet?
1196 630 1353 749 ΒΜ

173 731 411 806 Existimatio
446 732 881 824 amnuntiandum,
917 734 1065 830 quando
1093 750 1170 806 nou
1345 723 1350 734 '

122 846 263 943 gregis,
280 845 347 918 sed
374 866 441 919 sua
457 847 556 920 bona
573 857 756 943 quaerunt,
773 847 813 920 id
838 858 908 937 est,
925 846 1072 943 quando
1090 864 1170 919 cre-

125 960 251 1032 denda
266 959 472 1057 praedicant
489 983 571 1056 quae
589 960 690 1034 credi
715 961 795 1050 sibi,
821 960 908 1033 solis
924 960 983 1033 vel
999 960 1170 1049 maxime,

128 1073 239 1146 utilia
253 1084 341 1146 sunt
356 1072 405 1146 ad
420 1083 643 1169 potestatem
659 1073 718 1146 vel
735 1071 881 1145 divitias
894 1072 1169 1168 comparandas.

128 1187 165 1259 A
177 1186 310 1283 quibus
328 1186 426 1259 enim
437 1180 545 1260 rebus
558 1187 690 1283 cuique
702 1188 841 1260 bonum
851 1187 1027 1276 nascitur,
1040 1209 1101 1259 eas
1113 1202 1173 1258 res

130 1323 240 1397 agere
257 1300 468 1373 censebitur
485 1318 561 1374 non
577 1301 746 1386 aliorum,
763 1301 829 1374 sed
846 1300 902 1373 sui
919 1300 1032 1397 ipsius
1050 1322 1170 1373 eausa.

181 1413 382 1502 Postremo,
408 1413 495 1508 quia
519 1414 669 1487 unicum
695 1427 753 1487 est
777 1413 1011 1487 revelationis
1039 1413 1172 1486 divinae

131 1525 382 1600 testimonium
399 1526 564 1621 operatio
581 1526 853 1616 miraculorum,
881 1527 912 1598 si
929 1526 1021 1623 quis,
1038 1537 1173 1622 praeter

130 1637 317 1735 religionis
342 1649 501 1733 receptae
522 1639 708 1728 articulos,
726 1635 900 1712 articulos
915 1655 1030 1712 novos
1056 1636 1173 1713 intro-

131 1751 264 1825 ducere
277 1750 473 1824 conabitur
485 1751 564 1823 sine
576 1751 755 1824 miraculo
766 1752 877 1841 edito,
891 1751 983 1824 fides
997 1751 1061 1839 illi,
1078 1770 1173 1848 prae·

129 1879 187 1939 ter
202 1888 285 1938 eam
304 1886 415 1959 quam
431 1862 573 1936 faciunt
590 1858 753 1937 civitatis
770 1865 870 1961 leges
887 1874 925 1938 et
938 1864 1172 1938 consuetudi-

129 2002 194 2052 nes
209 1978 272 2052 vel
288 1970 465 2050 sanctitas
491 1975 568 2049 fere
586 1977 816 2068 miraculosa,
842 1979 944 2051 nulla
966 1978 1171 2052 habebitur.

131 2093 237 2167 Sicut
255 2091 355 2164 enim
371 2091 411 2162 in
441 2090 551 2164 rebus
567 2091 796 2164 naturalibus
812 2092 868 2163 vir
884 2091 1045 2188 prudens
1062 2112 1172 2190 argu-

128 2215 255 2278 menta
286 2204 483 2292 naturalia,
512 2205 566 2277 ita
607 2202 645 2276 in
686 2206 1025 2302 supernaturalibus
1068 2206 1174 2301 signa

129 2317 425 2415 supernaturalia
448 2318 625 2413 postulat.

180 2429 396 2503 Deficientis
421 2424 508 2502 fidei
526 2448 646 2503 causae
671 2425 781 2503 modo
799 2430 908 2503 dietae
925 2432 964 2503 in
988 2431 1174 2526 sequenti-

131 2545 199 2617 bus
225 2542 405 2638 exemplis
433 2542 625 2638 perspicue
652 2543 893 2638 apparebunt.
945 2543 1080 2632 Moses,
1111 2546 1174 2640 qui

130 2656 309 2754 populum
341 2654 582 2728 Israeliticum
609 2655 788 2729 eduxerat
818 2679 864 2728 ex
890 2654 1068 2753 AEgypto,
1097 2656 1175 2731 dies

132 2780 275 2844 tantum
302 2768 548 2866 quadraginta
573 2769 712 2858 aberat,
729 2789 815 2842 cum
841 2769 998 2865 populus
1026 2769 1086 2842 ille
1107 2792 1174 2866 per

133 2885 362 2972 seditionem,
380 2881 510 2954 relicto
527 2901 613 2955 vero
632 2879 710 2954 Deo
728 2882 792 2977 qui
808 2882 919 2979 paulo
936 2893 1022 2955 ante
1040 2883 1139 2979 ipsos
1152 2908 1176 2956 a

133 2997 309 3069 servitute
332 3006 531 3083 exemerat,
555 2993 808 3090 fabricatoque
834 2995 950 3069 vitulo
980 3020 1105 3087 aureo,
1135 2997 1174 3070 in

134 3102 376 3182 idololatriam
414 3107 672 3203 AEgyptiorum
711 3108 974 3183 relaberentur.
1035 3112 1175 3185 Rursus

134 3234 328 3320 postquam
341 3216 477 3309 Moses,
491 3223 629 3308 Aaron,
644 3232 681 3294 et
694 3223 882 3318 generatio
892 3224 966 3314 illa,
980 3246 1063 3321 quae
1073 3245 1175 3320 mag·

136 3334 231 3408 nulia
247 3335 317 3408 Dei
333 3334 477 3408 viderat
488 3332 527 3407 in
541 3334 698 3425 deserto,
716 3336 854 3409 mortui
867 3348 1002 3426 essent,
1017 3338 1176 3411 surrexit

139 3449 238 3540 (Jud.
255 3449 293 3522 ii.
317 3450 376 3539 ll)
409 3449 600 3546 generatio
638 3472 735 3524 nova
768 3474 849 3547 quae
888 3452 1038 3526 servivit
1072 3453 1172 3526 Baal.

139 3562 265 3659 ltaque
282 3562 468 3636 miraculis
487 3562 753 3653 deficientibus,
772 3564 906 3639 defecit
919 3566 1021 3640 fides.

185 3675 364 3749 Samuelis
381 3675 448 3748 filii
465 3699 488 3749 a
512 3688 618 3772 patre
644 3676 786 3772 judices
805 3678 843 3750 in
864 3678 1023 3753 Bersabe
1041 3680 1177 3753 consti·

138 3789 206 3862 tuti
227 3791 261 3882 (1
286 3790 384 3862 Sam.
402 3789 509 3883 viii.),
527 3790 613 3885 quia
629 3790 763 3885 injuste
777 3790 1039 3885 judicaverunt
1056 3805 1094 3865 et
1111 3792 1176 3867 do-

139 3924 185 3973 na
209 3911 445 3997 acceperunt,
462 3903 618 3999 populus
646 3900 880 3993 Israeliticus,
906 3908 1044 4000 rejecto
1061 3928 1176 4002 regno

139 4013 218 4103 Dei,
244 4037 371 4110 regem
403 4037 504 4088 more
537 4016 704 4112 gentium
737 4029 994 4113 poposcerunt.
1047 4021 1176 4116 Itaque

139 4126 330 4202 deficiente
359 4140 545 4201 rectorum
575 4129 783 4217 sanctitate,
813 4153 889 4202 una
917 4128 1051 4203 defecit
1084 4132 1176 4206 fides

139 4241 274 4338 populi.
325 4241 446 4314 Etiam
473 4241 571 4338 quod
593 4241 640 4315 ad
665 4242 856 4337 Evangelii
878 4242 1175 4338 praedicationem
