2926 4980
332 354 405 420 326
573 367 626 421 nn
647 369 840 423 emmane
860 370 1128 423 cnmsnmnx.

148 565 297 616 xxxvm.
334 535 372 628 (2
394 535 510 632 Epist.
534 535 584 608 iii.
614 536 677 631 7):
720 537 812 610 Coeli
846 547 979 628 antem,
998 538 1063 636 qui
1092 561 1187 611 nuno
1215 548 1316 631 sune,
1343 549 1382 613 et

124 646 321 773 „effluo
332 657 440 720 terra
457 648 583 721 eodem
600 649 710 722 aerbo
728 651 889 749 repositi
914 660 1011 739 aunt,
1029 651 1113 750 igni
1128 652 1320 725 reservati
1343 653 1383 725 in

122 795 189 857 qam
202 782 284 858 aaa
297 784 321 859 a
334 760 432 832 diem
452 761 606 856 judieii,
626 772 665 834 et
686 763 920 861 perditionis
951 763 1145 861 impiorum
1171 763 1382 838 hominum:

121 846 323 964 iffifflm
334 886 372 947 et
385 875 494 968 (vers.
512 875 638 968 10-13)
649 901 657 948 :
670 876 854 949 Adveniet
865 885 988 949 autem
998 875 1238 951 dieaDomini
1251 877 1381 983 atsur,

333 989 371 1062 in
389 1013 459 1087 qno
477 988 564 1062 eoeli
580 1013 715 1086 magno
728 989 868 1087 impetu
884 988 1081 1079 transient,
1093 988 1276 1062 elementa
1293 1014 1383 1064 vero

333 1101 462 1174 colore
479 1101 679 1189 solventur,
698 1110 805 1173 terro
822 1111 954 1191 outone,
972 1111 1010 1174 et
1027 1127 1109 1200 queo
1126 1103 1165 1175 in
1183 1103 1271 1200 ἱρω
1294 1115 1385 1179 sunt

333 1238 463 1312 opero,
476 1224 689 1305 exorentur,
704 1225 774 1288 etc.
800 1214 925 1288 Novoa
945 1238 1032 1288 oero
1053 1215 1177 1305 eoeloa
1195 1227 1234 1290 et
1250 1242 1384 1293 novom

336 1337 489 1416 terram,
508 1337 546 1399 et
563 1328 758 1425 promisee
776 1327 896 1426 ipsine
920 1337 1171 1425 enpeetamoa,
1189 1328 1228 1401 in
1245 1330 1382 1427 quibu

326 1440 485 1535 justitio
511 1439 670 1513 habitat.
707 1441 780 1514 Ubi
798 1465 886 1537 ergo
905 1440 994 1514 dicit
1010 1442 1082 1514 Job
1098 1442 1286 1515 hominem
1302 1467 1382 1518 non

336 1553 493 1649 amplius
512 1566 773 1643 surrecturum,
792 1554 889 1627 idem
907 1565 1023 1628 estne
1040 1554 1071 1626 ai
1089 1554 1240 1628 dixisset
1265 1556 1383 1631 vitam

336 1667 578 1741 immortalem
597 1669 635 1740 in
656 1667 922 1742 resurreetione
939 1667 1111 1764 incipere,
1128 1679 1167 1741 et
1183 1691 1250 1764 pro
1268 1694 1384 1746 eausa

335 1782 483 1872 habere,
500 1807 575 1855 non
592 1793 761 1855 naturam
778 1782 987 1870 humanam,
1006 1780 1069 1854 sed
1081 1782 1382 1880 promissionem.

387 1897 587 1984 Postremo,
605 1919 689 1968 eum
715 1897 834 1992 capite
860 1918 993 1969 xxxv.
1012 1908 1200 1970 ostensum
1224 1896 1273 1970 sit
1297 1921 1380 1994 reg-

337 2033 426 2081 num
440 2009 508 2082 Dei
526 2010 711 2082 civitatem
729 2032 807 2082 esse
823 2009 970 2106 proprie
988 2007 1137 2098 dietam,
1152 2032 1232 2103 quae
1251 2009 1383 2084 civitas

337 2133 417 2194 erat
433 2121 472 2194 in
488 2132 598 2212 terra,
617 2123 656 2194 in
674 2146 746 2217 qua
763 2121 899 2193 virtute
915 2120 1015 2217 pacti
1040 2131 1120 2193 tum
1145 2121 1279 2193 veteris
1300 2133 1382 2196 tum

337 2235 424 2307 novi
455 2259 634 2307 summam
650 2236 761 2310 habet
777 2246 997 2330 potestatem
1014 2234 1124 2322 Deua,
1151 2244 1188 2306 et
1215 2258 1297 2307 eam
1313 2259 1384 2329 per

337 2349 606 2444 vicegerentem
632 2348 744 2443 regit;
771 2349 881 2420 etiam
898 2347 1045 2444 quando
1064 2347 1237 2420 Servator
1253 2359 1382 2421 noster

338 2462 508 2535 adveniet
525 2461 563 2533 in
579 2462 697 2555 gloria
713 2472 751 2534 et
767 2461 958 2556 majestate
976 2471 1205 2556 regnaturus,
1224 2485 1382 2557 regnum

338 2577 416 2669 ejus
434 2575 505 2647 erit
520 2576 559 2646 in
577 2588 686 2647 terra.

390 2688 492 2760 Sicut
523 2712 677 2785 rognum
704 2688 792 2776 Dei,
818 2698 855 2759 et
881 2687 958 2759 nita
988 2696 1160 2770 ceteram
1186 2687 1239 2760 ita
1269 2688 1381 2761 etiam

338 2801 462 2873 hostes
489 2801 569 2889 Dei,
597 2812 680 2897 post
709 2801 888 2895 judicium
917 2801 1098 2889 ultimum,
1127 2813 1164 2874 et
1196 2803 1382 2876 eruciatus

339 2939 467 2987 eornm
493 2915 614 2987 locum
643 2914 682 2986 in
714 2914 910 3009 seripturis
943 2913 1114 2986 videntur
1146 2914 1308 2988 habituri
1342 2916 1381 2988 in

340 3041 448 3102 terra.
501 3028 600 3116 Loci,
618 3028 681 3100 ubi
705 3028 882 3116 homines,
900 3028 964 3122 qui
986 3027 1118 3123 sepulti
1134 3029 1191 3100 vel
1217 3028 1382 3124 absorpti

340 3168 363 3215 a
379 3154 477 3214 terra
502 3153 619 3229 erant,
639 3141 799 3215 mansuri
821 3154 907 3215 sunt
929 3165 1043 3236 usque
1069 3142 1117 3214 ad
1143 3143 1382 3216 resurrectio-

339 3280 435 3344 nem,
450 3279 584 3328 nomen
596 3267 746 3327 vocatur
758 3254 971 3351 plerumque
989 3255 1027 3327 in
1046 3256 1245 3352 Seriptnris
1262 3256 1381 3353 irffer-

339 3394 419 3458 nna,
438 3380 475 3441 et
498 3368 625 3465 irfferi,
644 3368 781 3442 Graecis
809 3368 897 3455 ἅδης,
915 3368 954 3440 id
980 3379 1046 3458 est,
1065 3368 1166 3442 loeus
1195 3368 1258 3441 ubi
1289 3370 1381 3443 nihil

339 3481 454 3552 videri
481 3492 615 3577 potest,
641 3483 877 3579 continetque
902 3494 978 3554 tam
1006 3482 1251 3578 sepulchrum,
1270 3507 1381 3579 quam

338 3592 460 3666 locum
478 3595 589 3668 alium
607 3621 753 3669 omnem
776 3596 996 3669 inferiorem.
1049 3595 1123 3668 Sed
1139 3598 1381 3693 reproborum

338 3720 422 3801 post
439 3709 751 3809 ‘resurrectionem
764 3710 865 3782 loeus
884 3709 965 3804 quis
983 3709 1042 3798 sit,
1060 3733 1106 3781 ex
1119 3710 1191 3782 situ
1209 3712 1288 3807 ejus
1304 3734 1381 3783 non

340 3819 524 3910 definitur,
538 3845 656 3917 neque
675 3822 713 3894 in
722 3822 847 3894 Veteri
860 3845 978 3916 neque
995 3823 1034 3894 in
1047 3822 1154 3895 Novo
1167 3823 1381 3896 Testamen-

340 3947 391 4007 to.
445 3934 633 4007 lndieatnr
651 3946 794 4006 tantum
807 3959 873 4030 per
889 3935 1040 4007 nomina
1055 3935 1244 4008 hominum
1262 3938 1324 4032 qui
1342 3937 1381 4010 in

340 4070 383 4118 eo
402 4047 484 4120 loeo
508 4071 587 4119 esse
611 4059 878 4142 supponuntur,
897 4048 1197 4139 extraordinaria,
1216 4062 1254 4123 et
1276 4052 1379 4146 quasi

339 4160 557 4234 miraculosa
584 4172 703 4232 morte
732 4184 754 4232 a
784 4160 862 4234 Deo
889 4160 1010 4234 deleti.
1063 4162 1229 4258 Exempli
1259 4188 1379 4255 causa,

340 4271 510 4346 dicuntur
524 4274 563 4347 in
576 4272 734 4369 irfferno,
746 4273 784 4346 in
803 4273 968 4347 Tartaro
981 4297 1072 4365 esse,
1084 4287 1235 4373 propter
1246 4277 1379 4368 Corah,
