2926 4980
355 387 408 438 nn
428 384 620 438 crvrrnrn
641 384 906 437 enarsrrnuu.
1073 368 1145 449 327

112 554 271 639 Dathan,
289 565 327 626 et
342 553 494 626 Abiram
515 552 616 625 vivos
641 575 665 624 a
686 562 786 625 terra
809 551 1011 649 absorptos.
1062 553 1150 628 Non
1181 582 1332 636 mvnr.

114 667 211 740 enim
228 667 375 739 voluere
394 667 598 763 Scriptores
626 664 728 738 Sacri
744 677 787 739 ut
819 665 1048 740 crederemus
1072 668 1150 765 glo-
1164 663 1362 794 mffim

114 781 203 853 bum
227 781 377 867 telluris,
395 781 457 876 qui
483 804 559 854 non
584 780 694 852 modo
716 779 842 852 finitus
859 790 926 869 est,
943 779 1009 852 sed
1029 781 1151 871 etiam,
1164 815 1231 860 rum
1244 797 1363 876 Μὶν

116 893 199 966 coeli
226 893 413 966 stellarum
440 894 596 965 fixarum
622 890 806 963 altitudini
832 903 1075 988 comparatae,
1099 862 1363 982 in-fflffl

116 1007 295 1079 sensibilis
314 1004 586 1104 magnitudinis,
603 1017 755 1100 puteum
770 1004 906 1079 habere
921 1005 961 1078 in
978 1029 1017 1080 se
1033 1007 1154 1081 infin-i-

118 1132 167 1193 tae
184 1119 456 1214 profunditatis,
475 1118 619 1216 qualem
635 1119 821 1191 finxerunt
843 1119 991 1191 nomine
1011 1118 1155 1191 Tartari

117 1247 259 1328 poetae;
286 1233 351 1305 sed
379 1245 422 1306 ut
447 1256 509 1306 eos
535 1232 586 1304 ibi
608 1255 687 1305 esse
711 1231 953 1321 crederemus
970 1232 1034 1305 ubi
1051 1242 1156 1305 erant

118 1346 171 1418 illi
189 1347 252 1442 qui
268 1371 291 1419 a
307 1358 406 1419 terra
423 1345 584 1442 absorpti
600 1369 678 1419 esse
696 1345 879 1420 dicuntur.
906 1346 1056 1433 Rursus,
1071 1345 1158 1439 quia

119 1459 284 1532 homines
301 1459 366 1547 illi,
385 1458 447 1554 qui
463 1469 628 1554 tempore
641 1458 735 1531 Noae
748 1458 929 1550 vixerunt,
945 1459 1054 1556 paulo
1072 1468 1158 1532 ante

121 1570 308 1661 diluvium,
335 1573 374 1644 in
403 1571 599 1668 Scripturis
624 1571 806 1669 gigantes
833 1571 933 1657 dicti,
964 1595 988 1644 a
1021 1571 1157 1645 Graeeis

121 1683 277 1757 fortasse
294 1686 435 1774 heroeS,
452 1685 579 1781 geniti,
596 1697 639 1759 ut
658 1685 785 1758 dicunt
801 1698 931 1781 poetae,
948 1710 994 1759 ex
1010 1685 1157 1782 copula-

121 1798 223 1870 tione
241 1798 393 1871 deorum
411 1810 448 1871 et
473 1799 675 1889 hominum,
691 1798 730 1870 in
755 1797 890 1870 diluvio
911 1797 1074 1893 generali
1097 1797 1160 1871 de-

122 1910 187 1983 leti
204 1923 332 1995 erant;
359 1912 462 1985 loeus
479 1911 720 2006 reproborum
736 1934 759 1983 a
774 1908 913 1983 Judaeis
931 1909 1160 2006 significaba-

125 2037 186 2095 tur
202 2047 269 2119 per
284 2024 406 2096 locum
418 2023 638 2121 gigantam:
655 2035 698 2095 ut
715 2023 819 2095 Prov.
833 2024 906 2096 xxi.
926 2031 991 2096 16:
1018 2022 1084 2096 Vir
1097 2023 1162 2121 qai

125 2135 312 2208 erraverit
329 2160 353 2207 a
379 2135 440 2207 aia
462 2135 654 2222 doetrinae,
673 2133 711 2206 ia
731 2143 828 2207 eoeta
847 2134 1048 2233 gigantam
1068 2159 1163 2208 eom-

125 2248 358 2321 morabitur:
393 2249 442 2321 Et
467 2249 550 2321 Job.
568 2247 665 2320 xxvi.
685 2254 730 2318 5:
757 2245 862 2319 Eece
885 2247 1068 2345 gigantea
1094 2272 1165 2346 ge-

126 2360 446 2458 manicabaqaia,
465 2358 585 2456 etqui
611 2357 783 2431 habitant
809 2384 888 2431 eam
911 2359 995 2432 eia!
1045 2360 1165 2434 Locus

127 2475 364 2570 reproborum
393 2473 453 2547 hic
484 2473 552 2546 sub
582 2471 684 2567 aquis
714 2495 793 2544 esse
821 2472 1058 2569 significatur.
1117 2474 1166 2546 Et

128 2587 247 2659 Isaiah
272 2587 344 2659 xiV.
364 2596 412 2660 9:
440 2585 618 2683 Irffernaa
644 2584 885 2658 conturbatae
908 2596 966 2659 eat
983 2586 1022 2659 in
1039 2609 1167 2660 occar-

127 2725 206 2772 aam
235 2700 414 2772 adventas
444 2699 510 2787 tui,
540 2697 737 2770 suscitavit
763 2697 833 2770 tibi
857 2698 1065 2797 gigantea:
1091 2699 1167 2773 dic-

129 2825 209 2887 tum
234 2814 304 2886 hoc
334 2813 381 2885 ab
409 2812 530 2885 Isaiah
560 2824 617 2885 est
647 2823 776 2884 contra
802 2835 927 2908 regem
956 2813 1166 2911 Babylonis,

128 2927 249 3000 locum
266 2926 505 3022 reproborum
522 2948 648 2997 rursus
665 2925 819 2997 innuens
837 2925 903 2998 sub
920 2925 1024 3021 aquis
1041 2951 1131 3001 esse.

179 3040 318 3128 Tertia,
346 3040 433 3134 quia
449 3041 558 3111 urbes
582 3037 742 3111 Sodoma
759 3048 796 3111 et
822 3037 1000 3112 Gomorra
1019 3051 1170 3137 propter

130 3152 358 3248 impietatem
375 3152 578 3224 incolarum
595 3151 679 3247 igne
694 3163 731 3225 et
747 3150 920 3246 sulphure
937 3175 958 3224 e
973 3153 1065 3226 eoelo
1083 3177 1171 3227 con·
1250 3165 1256 3176 '

131 3276 286 3361 sumptae
314 3276 430 3352 erant,
456 3275 492 3336 et
515 3264 616 3359 regio
641 3263 762 3336 vicina
787 3264 826 3337 in
847 3263 967 3337 lacum
982 3265 1171 3339 bituminis

131 3377 294 3452 foetentis
310 3399 500 3460 conversa:
518 3376 621 3450 locus
634 3377 873 3472 reproborum
887 3401 983 3474 saepe
996 3378 1033 3451 in
1050 3379 1171 3477 Scrip-

132 3492 224 3565 turis
243 3490 363 3563 Sacris
381 3490 608 3587 significatur
624 3514 691 3586 per
708 3491 830 3589 ignem
847 3499 885 3563 et
902 3490 1022 3565 laeam
1043 3492 1146 3592 ignia
1159 3520 1172 3566 .·

133 3617 175 3677 ut
192 3605 306 3700 Apoc.
324 3603 398 3676 xxi.
424 3613 471 3677 8:
504 3603 662 3676 Timidis
685 3613 818 3694 auten,
836 3613 874 3676 et
899 3605 1118 3697 incredulis,
1135 3615 1174 3680 et

133 3717 336 3802 execratis,
350 3725 388 3788 et
405 3715 614 3806 homicidia,
632 3725 670 3788 et
672 3715 995 3813 fornicatoribus,
1014 3729 1051 3792 et
1068 3744 1174 3792 oene-

121 3828 228 3922 fieia,
247 3838 284 3901 et
303 3827 532 3917 idololatria,
551 3837 589 3900 et
615 3827 778 3900 omnibus
804 3829 1053 3935 mendacibus,
1073 3855 1175 3930 para

134 3941 284 4014 illoram
304 3942 380 4013 erit
400 3943 439 4014 in
462 3950 603 4038 stagno
631 3940 783 4014 ardenti
803 3943 892 4039 igne
916 3953 953 4016 et
970 3943 1174 4042 sulphure:

135 4054 237 4149 qaod
245 4065 303 4126 est
320 4079 419 4126 mora
436 4053 611 4127 secanda.
662 4054 900 4129 Manifestum
914 4080 1001 4153 ergo
1017 4057 1174 4150 videtur,

134 4165 256 4238 locum
274 4169 512 4263 reproborum
528 4191 603 4241 non
626 4191 704 4242 esse
721 4181 861 4244 eertum
879 4172 1037 4268 aliquem
1054 4173 1190 4248 locum

136 4277 175 4350 in
203 4303 276 4375 quo
296 4291 516 4376 torquentur
541 4280 655 4377 impii,
674 4282 739 4356 sed
764 4307 899 4360 nomen
925 4287 1173 4383 cujuscunque
