<?xml version="1.0" encoding="UTF-8"?>
<!DOCTYPE html PUBLIC "-//W3C//DTD XHTML 1.0 Transitional//EN"
    "http://www.w3.org/TR/xhtml1/DTD/xhtml1-transitional.dtd">
<html xmlns="http://www.w3.org/1999/xhtml" xml:lang="en" lang="en">
 <head>
  <title>
</title>
<meta http-equiv="Content-Type" content="text/html;charset=utf-8" />
  <meta name='ocr-system' content='tesseract 3.04.00' />
  <meta name='ocr-capabilities' content='ocr_page ocr_carea ocr_par ocr_line ocrx_word'/>
</head>
<body>
  <div class='ocr_page' id='page_1' title='image "./thomhobbesmalme02hobbgoog_0447.png"; bbox 0 0 2926 4980; ppageno 0'>
   <div class='ocr_carea' id='block_1_1' title="bbox 372 362 1157 433">
    <p class='ocr_par' dir='ltr' id='par_1_1' title="bbox 372 362 1157 433">
     <span class='ocr_line' id='line_1_1' title="bbox 372 362 1157 433; baseline 0 -3"><span class='ocrx_word' id='word_1_1' title='bbox 372 378 426 430; x_wconf 82' lang='lat' dir='ltr'>na</span> <span class='ocrx_word' id='word_1_2' title='bbox 446 378 587 431; x_wconf 76' lang='lat' dir='ltr'>necno</span> <span class='ocrx_word' id='word_1_3' title='bbox 606 379 908 433; x_wconf 79' lang='lat' dir='ltr'>rnnnnnannn.</span> <span class='ocrx_word' id='word_1_4' title='bbox 1083 362 1157 430; x_wconf 83' lang='grc'>463</span> 
     </span>
    </p>
   </div>
   <div class='ocr_carea' id='block_1_2' title="bbox 120 531 1365 4370">
    <p class='ocr_par' dir='ltr' id='par_1_2' title="bbox 120 531 1365 4370">
     <span class='ocr_line' id='line_1_2' title="bbox 120 531 1356 629; baseline -0.002 -23"><span class='ocrx_word' id='word_1_5' title='bbox 120 532 266 606; x_wconf 90' lang='lat' dir='ltr'>recitati</span> <span class='ocrx_word' id='word_1_6' title='bbox 283 556 410 606; x_wconf 89' lang='lat' dir='ltr'>sensus</span> <span class='ocrx_word' id='word_1_7' title='bbox 427 534 486 624; x_wconf 88' lang='lat' dir='ltr'>sit,</span> <span class='ocrx_word' id='word_1_8' title='bbox 505 546 761 629; x_wconf 79' lang='lat' dir='ltr'>argumentum</span> <span class='ocrx_word' id='word_1_9' title='bbox 784 533 869 608; x_wconf 90' lang='lat' dir='ltr'>inde</span> <span class='ocrx_word' id='word_1_10' title='bbox 896 543 1037 608; x_wconf 90' lang='lat' dir='ltr'>certum</span> <span class='ocrx_word' id='word_1_11' title='bbox 1064 531 1158 605; x_wconf 90' lang='lat' dir='ltr'>sumi</span> <span class='ocrx_word' id='word_1_12' title='bbox 1172 576 1249 627; x_wconf 44' lang='lat' dir='ltr'>w·</span> <span class='ocrx_word' id='word_1_13' title='bbox 1261 576 1356 626; x_wconf 50' lang='lat' dir='ltr'>mv,</span> 
     </span>
     <span class='ocr_line' id='line_1_3' title="bbox 120 646 1311 764; baseline -0.001 -44"><span class='ocrx_word' id='word_1_14' title='bbox 120 672 196 721; x_wconf 92' lang='lat' dir='ltr'>non</span> <span class='ocrx_word' id='word_1_15' title='bbox 214 658 350 743; x_wconf 87' lang='lat' dir='ltr'>potest,</span> <span class='ocrx_word' id='word_1_16' title='bbox 374 647 420 719; x_wconf 90' lang='lat' dir='ltr'>ad</span> <span class='ocrx_word' id='word_1_17' title='bbox 438 647 679 744; x_wconf 91' lang='lat' dir='ltr'>probandum,</span> <span class='ocrx_word' id='word_1_18' title='bbox 697 649 796 744; x_wconf 91' lang='lat' dir='ltr'>quod</span> <span class='ocrx_word' id='word_1_19' title='bbox 814 671 968 744; x_wconf 88' lang='lat' dir='ltr'>regnum</span> <span class='ocrx_word' id='word_1_20' title='bbox 985 646 1055 720; x_wconf 89' lang='lat' dir='ltr'>Dei</span> <span class='ocrx_word' id='word_1_21' title='bbox 1072 657 1158 720; x_wconf 90' lang='lat' dir='ltr'>ante</span> <span class='ocrx_word' id='word_1_22' title='bbox 1187 720 1266 764; x_wconf 56' lang='grc' dir='ltr'><strong>Μ</strong></span> <span class='ocrx_word' id='word_1_23' title='bbox 1278 722 1311 764; x_wconf 65' lang='lat' dir='ltr'>b,</span> 
     </span>
     <span class='ocr_line' id='line_1_4' title="bbox 121 734 1335 863; baseline -0.006 -28"><span class='ocrx_word' id='word_1_24' title='bbox 121 761 219 835; x_wconf 92' lang='lat' dir='ltr'>diem</span> <span class='ocrx_word' id='word_1_25' title='bbox 232 761 363 857; x_wconf 88' lang='lat' dir='ltr'>judicii</span> <span class='ocrx_word' id='word_1_26' title='bbox 380 759 612 857; x_wconf 82' lang='lat' dir='ltr'>incepturum</span> <span class='ocrx_word' id='word_1_27' title='bbox 629 762 687 834; x_wconf 89' lang='lat' dir='ltr'>sit.</span> <span class='ocrx_word' id='word_1_28' title='bbox 1185 734 1335 863; x_wconf 65' lang='lat' dir='ltr'>spmtuhdh</span> 
     </span>
     <span class='ocr_line' id='line_1_5' title="bbox 173 851 1365 970; baseline -0.003 -23"><span class='ocrx_word' id='word_1_29' title='bbox 173 875 267 947; x_wconf 85' lang='lat' dir='ltr'>Sunt</span> <span class='ocrx_word' id='word_1_30' title='bbox 284 874 395 947; x_wconf 90' lang='lat' dir='ltr'>etiam</span> <span class='ocrx_word' id='word_1_31' title='bbox 412 886 534 947; x_wconf 85' lang='lat' dir='ltr'>textus</span> <span class='ocrx_word' id='word_1_32' title='bbox 551 875 699 970; x_wconf 92' lang='lat' dir='ltr'>quidam</span> <span class='ocrx_word' id='word_1_33' title='bbox 717 874 790 963; x_wconf 92' lang='lat' dir='ltr'>alii,</span> <span class='ocrx_word' id='word_1_34' title='bbox 809 897 901 970; x_wconf 91' lang='lat' dir='ltr'>quos</span> <span class='ocrx_word' id='word_1_35' title='bbox 924 872 1041 945; x_wconf 89' lang='lat' dir='ltr'>citant</span> <span class='ocrx_word' id='word_1_36' title='bbox 1067 895 1158 967; x_wconf 90' lang='lat' dir='ltr'>pon·</span> <span class='ocrx_word' id='word_1_37' title='bbox 1185 851 1365 959; x_wconf 51' lang='grc' dir='ltr'>33ᾞῇ</span> 
     </span>
     <span class='ocr_line' id='line_1_6' title="bbox 122 980 1356 1084; baseline -0.003 -23"><span class='ocrx_word' id='word_1_38' title='bbox 122 988 225 1061; x_wconf 83' lang='lat' dir='ltr'>trficii</span> <span class='ocrx_word' id='word_1_39' title='bbox 250 1011 318 1083; x_wconf 94' lang='lat' dir='ltr'>pro</span> <span class='ocrx_word' id='word_1_40' title='bbox 344 1001 555 1082; x_wconf 90' lang='lat' dir='ltr'>suprematu</span> <span class='ocrx_word' id='word_1_41' title='bbox 574 988 705 1084; x_wconf 83' lang='lat' dir='ltr'>Papae3</span> <span class='ocrx_word' id='word_1_42' title='bbox 732 997 785 1076; x_wconf 91' lang='lat' dir='ltr'>ut,</span> <span class='ocrx_word' id='word_1_43' title='bbox 811 985 911 1083; x_wconf 88' lang='lat' dir='ltr'>quod</span> <span class='ocrx_word' id='word_1_44' title='bbox 937 986 1010 1059; x_wconf 91' lang='lat' dir='ltr'>duo</span> <span class='ocrx_word' id='word_1_45' title='bbox 1035 984 1159 1081; x_wconf 85' lang='lat' dir='ltr'><strong>gladii,</strong></span> <span class='ocrx_word' id='word_1_46' title='bbox 1188 980 1356 1039; x_wconf 48' lang='lat' dir='ltr'>mm·</span> 
     </span>
     <span class='ocr_line' id='line_1_7' title="bbox 123 1098 1161 1199; baseline -0.002 -26"><span class='ocrx_word' id='word_1_47' title='bbox 123 1125 215 1199; x_wconf 91' lang='lat' dir='ltr'>quos</span> <span class='ocrx_word' id='word_1_48' title='bbox 240 1100 448 1172; x_wconf 92' lang='lat' dir='ltr'>habuerunt</span> <span class='ocrx_word' id='word_1_49' title='bbox 468 1100 635 1197; x_wconf 91' lang='lat' dir='ltr'>apostoli,</span> <span class='ocrx_word' id='word_1_50' title='bbox 653 1101 862 1197; x_wconf 88' lang='lat' dir='ltr'>significant</span> <span class='ocrx_word' id='word_1_51' title='bbox 878 1099 1040 1197; x_wconf 86' lang='lat' dir='ltr'>gladium</span> <span class='ocrx_word' id='word_1_52' title='bbox 1056 1098 1161 1195; x_wconf 88' lang='lat' dir='ltr'>spiri·</span> 
     </span>
     <span class='ocr_line' id='line_1_8' title="bbox 122 1213 1159 1310; baseline -0.003 -23"><span class='ocrx_word' id='word_1_53' title='bbox 122 1215 258 1288; x_wconf 90' lang='lat' dir='ltr'>tualem</span> <span class='ocrx_word' id='word_1_54' title='bbox 279 1223 317 1285; x_wconf 93' lang='lat' dir='ltr'>et</span> <span class='ocrx_word' id='word_1_55' title='bbox 340 1213 504 1310; x_wconf 84' lang='lat' dir='ltr'>gladium</span> <span class='ocrx_word' id='word_1_56' title='bbox 522 1215 772 1310; x_wconf 80' lang='lat' dir='ltr'>temporalem,</span> <span class='ocrx_word' id='word_1_57' title='bbox 791 1238 882 1310; x_wconf 92' lang='lat' dir='ltr'>quos</span> <span class='ocrx_word' id='word_1_58' title='bbox 899 1214 1026 1286; x_wconf 91' lang='lat' dir='ltr'>ambos</span> <span class='ocrx_word' id='word_1_59' title='bbox 1050 1214 1159 1285; x_wconf 88' lang='lat' dir='ltr'>Petro</span> 
     </span>
     <span class='ocr_line' id='line_1_9' title="bbox 124 1326 1159 1425; baseline -0.002 -25"><span class='ocrx_word' id='word_1_60' title='bbox 124 1327 267 1400; x_wconf 88' lang='lat' dir='ltr'>dedisse</span> <span class='ocrx_word' id='word_1_61' title='bbox 285 1327 472 1400; x_wconf 85' lang='lat' dir='ltr'>Christum</span> <span class='ocrx_word' id='word_1_62' title='bbox 492 1327 643 1412; x_wconf 88' lang='lat' dir='ltr'>dicunt;</span> <span class='ocrx_word' id='word_1_63' title='bbox 670 1339 720 1417; x_wconf 91' lang='lat' dir='ltr'>et,</span> <span class='ocrx_word' id='word_1_64' title='bbox 746 1327 845 1425; x_wconf 90' lang='lat' dir='ltr'>qnod</span> <span class='ocrx_word' id='word_1_65' title='bbox 873 1326 1029 1400; x_wconf 91' lang='lat' dir='ltr'>duorum</span> <span class='ocrx_word' id='word_1_66' title='bbox 1053 1326 1159 1399; x_wconf 91' lang='lat' dir='ltr'>lumi-</span> 
     </span>
     <span class='ocr_line' id='line_1_10' title="bbox 123 1439 1161 1538; baseline 0 -26"><span class='ocrx_word' id='word_1_67' title='bbox 123 1440 268 1514; x_wconf 90' lang='lat' dir='ltr'>narium</span> <span class='ocrx_word' id='word_1_68' title='bbox 280 1441 397 1536; x_wconf 86' lang='lat' dir='ltr'>majus</span> <span class='ocrx_word' id='word_1_69' title='bbox 410 1441 557 1537; x_wconf 91' lang='lat' dir='ltr'>Papam,</span> <span class='ocrx_word' id='word_1_70' title='bbox 576 1441 697 1515; x_wconf 87' lang='lat' dir='ltr'>minus</span> <span class='ocrx_word' id='word_1_71' title='bbox 710 1442 849 1538; x_wconf 86' lang='lat' dir='ltr'>Regem</span> <span class='ocrx_word' id='word_1_72' title='bbox 860 1441 1063 1537; x_wconf 88' lang='lat' dir='ltr'>significat;</span> <span class='ocrx_word' id='word_1_73' title='bbox 1083 1439 1161 1536; x_wconf 90' lang='lat' dir='ltr'>qui-</span> 
     </span>
     <span class='ocr_line' id='line_1_11' title="bbox 123 1553 1161 1651; baseline -0.002 -23"><span class='ocrx_word' id='word_1_74' title='bbox 123 1555 192 1628; x_wconf 88' lang='lat' dir='ltr'>bus</span> <span class='ocrx_word' id='word_1_75' title='bbox 210 1553 429 1650; x_wconf 90' lang='lat' dir='ltr'>respondere</span> <span class='ocrx_word' id='word_1_76' title='bbox 447 1555 747 1651; x_wconf 71' lang='lat' dir='ltr'>operaepretium</span> <span class='ocrx_word' id='word_1_77' title='bbox 760 1579 835 1629; x_wconf 92' lang='lat' dir='ltr'>non</span> <span class='ocrx_word' id='word_1_78' title='bbox 852 1566 918 1628; x_wconf 87' lang='lat' dir='ltr'>est.</span> <span class='ocrx_word' id='word_1_79' title='bbox 959 1555 1161 1626; x_wconf 86' lang='lat' dir='ltr'>Potuerunt</span> 
     </span>
     <span class='ocr_line' id='line_1_12' title="bbox 124 1666 1160 1763; baseline 0 -24"><span class='ocrx_word' id='word_1_80' title='bbox 124 1667 305 1763; x_wconf 86' lang='lat' dir='ltr'>exprimo</span> <span class='ocrx_word' id='word_1_81' title='bbox 323 1690 432 1739; x_wconf 89' lang='lat' dir='ltr'>versu</span> <span class='ocrx_word' id='word_1_82' title='bbox 451 1666 654 1740; x_wconf 92' lang='lat' dir='ltr'>Bibliorum</span> <span class='ocrx_word' id='word_1_83' title='bbox 672 1668 866 1740; x_wconf 85' lang='lat' dir='ltr'>Sacrorum</span> <span class='ocrx_word' id='word_1_84' title='bbox 894 1691 997 1762; x_wconf 87' lang='lat' dir='ltr'>aeque</span> <span class='ocrx_word' id='word_1_85' title='bbox 1014 1666 1160 1753; x_wconf 86' lang='lat' dir='ltr'>inferre,</span> 
     </span>
     <span class='ocr_line' id='line_1_13' title="bbox 124 1778 1161 1877; baseline -0.001 -25"><span class='ocrx_word' id='word_1_86' title='bbox 124 1779 223 1875; x_wconf 92' lang='lat' dir='ltr'>quod</span> <span class='ocrx_word' id='word_1_87' title='bbox 237 1804 303 1876; x_wconf 91' lang='lat' dir='ltr'>per</span> <span class='ocrx_word' id='word_1_88' title='bbox 314 1780 447 1852; x_wconf 88' lang='lat' dir='ltr'>coelum</span> <span class='ocrx_word' id='word_1_89' title='bbox 461 1780 571 1876; x_wconf 90' lang='lat' dir='ltr'>Papa,</span> <span class='ocrx_word' id='word_1_90' title='bbox 584 1804 651 1877; x_wconf 91' lang='lat' dir='ltr'>per</span> <span class='ocrx_word' id='word_1_91' title='bbox 662 1794 799 1853; x_wconf 89' lang='lat' dir='ltr'>terram</span> <span class='ocrx_word' id='word_1_92' title='bbox 811 1782 890 1854; x_wconf 85' lang='lat' dir='ltr'>Rex</span> <span class='ocrx_word' id='word_1_93' title='bbox 903 1778 1161 1876; x_wconf 84' lang='lat' dir='ltr'>intelligendus</span> 
     </span>
     <span class='ocr_line' id='line_1_14' title="bbox 122 1893 1161 1989; baseline -0.003 -22"><span class='ocrx_word' id='word_1_94' title='bbox 122 1893 181 1968; x_wconf 89' lang='lat' dir='ltr'>sit.</span> <span class='ocrx_word' id='word_1_95' title='bbox 234 1893 320 1966; x_wconf 90' lang='lat' dir='ltr'>Non</span> <span class='ocrx_word' id='word_1_96' title='bbox 346 1905 402 1966; x_wconf 88' lang='lat' dir='ltr'>est</span> <span class='ocrx_word' id='word_1_97' title='bbox 426 1894 523 1965; x_wconf 91' lang='lat' dir='ltr'>enim</span> <span class='ocrx_word' id='word_1_98' title='bbox 549 1893 620 1966; x_wconf 94' lang='lat' dir='ltr'>hoc</span> <span class='ocrx_word' id='word_1_99' title='bbox 650 1893 862 1967; x_wconf 90' lang='lat' dir='ltr'>ratiocinari</span> <span class='ocrx_word' id='word_1_100' title='bbox 889 1917 934 1965; x_wconf 85' lang='lat' dir='ltr'>ex</span> <span class='ocrx_word' id='word_1_101' title='bbox 965 1893 1161 1989; x_wconf 86' lang='lat' dir='ltr'>Scriptnris</span> 
     </span>
     <span class='ocr_line' id='line_1_15' title="bbox 124 2006 1161 2103; baseline -0.002 -22"><span class='ocrx_word' id='word_1_102' title='bbox 124 2008 257 2093; x_wconf 91' lang='lat' dir='ltr'>Sacris,</span> <span class='ocrx_word' id='word_1_103' title='bbox 277 2006 342 2081; x_wconf 88' lang='lat' dir='ltr'>sed</span> <span class='ocrx_word' id='word_1_104' title='bbox 360 2007 537 2096; x_wconf 86' lang='lat' dir='ltr'>lascivire,</span> <span class='ocrx_word' id='word_1_105' title='bbox 556 2019 593 2080; x_wconf 92' lang='lat' dir='ltr'>et</span> <span class='ocrx_word' id='word_1_106' title='bbox 610 2008 649 2080; x_wconf 95' lang='lat' dir='ltr'>in</span> <span class='ocrx_word' id='word_1_107' title='bbox 661 2008 845 2103; x_wconf 85' lang='lat' dir='ltr'>principes</span> <span class='ocrx_word' id='word_1_108' title='bbox 862 2007 1049 2094; x_wconf 89' lang='lat' dir='ltr'>insultare,</span> <span class='ocrx_word' id='word_1_109' title='bbox 1067 2006 1161 2079; x_wconf 90' lang='lat' dir='ltr'>sicut</span> 
     </span>
     <span class='ocr_line' id='line_1_16' title="bbox 121 2119 1160 2218; baseline -0.001 -25"><span class='ocrx_word' id='word_1_110' title='bbox 121 2121 244 2195; x_wconf 85' lang='lat' dir='ltr'>facere</span> <span class='ocrx_word' id='word_1_111' title='bbox 264 2131 458 2218; x_wconf 87' lang='lat' dir='ltr'>coeperunt</span> <span class='ocrx_word' id='word_1_112' title='bbox 475 2132 575 2210; x_wconf 93' lang='lat' dir='ltr'>tunc,</span> <span class='ocrx_word' id='word_1_113' title='bbox 595 2120 742 2216; x_wconf 88' lang='lat' dir='ltr'>quando</span> <span class='ocrx_word' id='word_1_114' title='bbox 770 2120 964 2193; x_wconf 88' lang='lat' dir='ltr'>Pontifices</span> <span class='ocrx_word' id='word_1_115' title='bbox 991 2119 1160 2208; x_wconf 87' lang='lat' dir='ltr'>Romani,</span> 
     </span>
     <span class='ocr_line' id='line_1_17' title="bbox 122 2231 1160 2331; baseline -0.003 -25"><span class='ocrx_word' id='word_1_116' title='bbox 122 2234 387 2331; x_wconf 85' lang='lat' dir='ltr'>magnitudinis</span> <span class='ocrx_word' id='word_1_117' title='bbox 405 2257 492 2324; x_wconf 86' lang='lat' dir='ltr'>suae,</span> <span class='ocrx_word' id='word_1_118' title='bbox 509 2246 553 2306; x_wconf 90' lang='lat' dir='ltr'>ut</span> <span class='ocrx_word' id='word_1_119' title='bbox 569 2234 760 2329; x_wconf 90' lang='lat' dir='ltr'>putabant,</span> <span class='ocrx_word' id='word_1_120' title='bbox 774 2231 1040 2328; x_wconf 91' lang='lat' dir='ltr'>inperpetuum</span> <span class='ocrx_word' id='word_1_121' title='bbox 1057 2232 1160 2320; x_wconf 91' lang='lat' dir='ltr'>certi,</span> 
     </span>
     <span class='ocr_line' id='line_1_18' title="bbox 124 2345 1162 2442; baseline -0.003 -21"><span class='ocrx_word' id='word_1_122' title='bbox 124 2346 351 2421; x_wconf 87' lang='lat' dir='ltr'>Christianos</span> <span class='ocrx_word' id='word_1_123' title='bbox 366 2369 471 2442; x_wconf 91' lang='lat' dir='ltr'>reges</span> <span class='ocrx_word' id='word_1_124' title='bbox 485 2346 714 2442; x_wconf 87' lang='lat' dir='ltr'>contemptui</span> <span class='ocrx_word' id='word_1_125' title='bbox 723 2345 944 2434; x_wconf 91' lang='lat' dir='ltr'>habuerunt,</span> <span class='ocrx_word' id='word_1_126' title='bbox 958 2356 995 2418; x_wconf 89' lang='lat' dir='ltr'>et</span> <span class='ocrx_word' id='word_1_127' title='bbox 1011 2345 1050 2417; x_wconf 91' lang='lat' dir='ltr'>in</span> <span class='ocrx_word' id='word_1_128' title='bbox 1068 2345 1162 2418; x_wconf 88' lang='lat' dir='ltr'>colla</span> 
     </span>
     <span class='ocr_line' id='line_1_19' title="bbox 124 2459 1161 2557; baseline -0.002 -24"><span class='ocrx_word' id='word_1_129' title='bbox 124 2461 386 2557; x_wconf 88' lang='lat' dir='ltr'>imperatorum</span> <span class='ocrx_word' id='word_1_130' title='bbox 412 2460 644 2549; x_wconf 85' lang='lat' dir='ltr'>insultantes,</span> <span class='ocrx_word' id='word_1_131' title='bbox 673 2460 754 2532; x_wconf 90' lang='lat' dir='ltr'>illos</span> <span class='ocrx_word' id='word_1_132' title='bbox 781 2472 818 2532; x_wconf 91' lang='lat' dir='ltr'>et</span> <span class='ocrx_word' id='word_1_133' title='bbox 837 2459 1044 2555; x_wconf 84' lang='lat' dir='ltr'>Scripturas</span> <span class='ocrx_word' id='word_1_134' title='bbox 1064 2459 1161 2554; x_wconf 87' lang='lat' dir='ltr'>ipsas</span> 
     </span>
     <span class='ocr_line' id='line_1_20' title="bbox 124 2572 1161 2670; baseline -0.003 -23"><span class='ocrx_word' id='word_1_135' title='bbox 124 2574 277 2647; x_wconf 92' lang='lat' dir='ltr'>irridere</span> <span class='ocrx_word' id='word_1_136' title='bbox 290 2574 370 2647; x_wconf 89' lang='lat' dir='ltr'>ausi</span> <span class='ocrx_word' id='word_1_137' title='bbox 386 2585 474 2646; x_wconf 90' lang='lat' dir='ltr'>sunt</span> <span class='ocrx_word' id='word_1_138' title='bbox 490 2574 610 2646; x_wconf 89' lang='lat' dir='ltr'>verbis</span> <span class='ocrx_word' id='word_1_139' title='bbox 636 2572 770 2646; x_wconf 87' lang='lat' dir='ltr'>Psalmi</span> <span class='ocrx_word' id='word_1_140' title='bbox 787 2597 845 2646; x_wconf 88' lang='lat' dir='ltr'>xc.</span> <span class='ocrx_word' id='word_1_141' title='bbox 869 2580 911 2645; x_wconf 84' lang='lat'>13</span> <span class='ocrx_word' id='word_1_142' title='bbox 928 2600 936 2644; x_wconf 92' lang='lat'><strong>:</strong></span> <span class='ocrx_word' id='word_1_143' title='bbox 964 2597 1082 2670; x_wconf 81' lang='lat' dir='ltr'>saper</span> <span class='ocrx_word' id='word_1_144' title='bbox 1098 2598 1161 2646; x_wconf 74' lang='lat' dir='ltr'>aa·</span> 
     </span>
     <span class='ocr_line' id='line_1_21' title="bbox 122 2684 1161 2784; baseline 0.002 -26"><span class='ocrx_word' id='word_1_145' title='bbox 122 2687 249 2784; x_wconf 81' lang='lat' dir='ltr'>pidem</span> <span class='ocrx_word' id='word_1_146' title='bbox 266 2694 304 2757; x_wconf 82' lang='lat' dir='ltr'>et</span> <span class='ocrx_word' id='word_1_147' title='bbox 321 2684 537 2758; x_wconf 70' lang='lat' dir='ltr'>basiliscum</span> <span class='ocrx_word' id='word_1_148' title='bbox 549 2684 767 2774; x_wconf 75' lang='lat' dir='ltr'>ambulabis,</span> <span class='ocrx_word' id='word_1_149' title='bbox 782 2694 819 2757; x_wconf 83' lang='lat' dir='ltr'>et</span> <span class='ocrx_word' id='word_1_150' title='bbox 837 2685 1074 2759; x_wconf 73' lang='lat' dir='ltr'>conculcabis</span> <span class='ocrx_word' id='word_1_151' title='bbox 1085 2685 1161 2760; x_wconf 85' lang='lat' dir='ltr'>leo-</span> 
     </span>
     <span class='ocr_line' id='line_1_22' title="bbox 124 2797 489 2872; baseline -0.005 0"><span class='ocrx_word' id='word_1_152' title='bbox 124 2823 204 2872; x_wconf 83' lang='lat' dir='ltr'>nem</span> <span class='ocrx_word' id='word_1_153' title='bbox 222 2808 260 2870; x_wconf 85' lang='lat' dir='ltr'>et</span> <span class='ocrx_word' id='word_1_154' title='bbox 277 2797 489 2871; x_wconf 82' lang='lat' dir='ltr'>draconem.</span> 
     </span>
     <span class='ocr_line' id='line_1_23' title="bbox 175 2910 1162 3012; baseline 0.001 -25"><span class='ocrx_word' id='word_1_155' title='bbox 175 2911 286 2987; x_wconf 78' lang='lat' dir='ltr'>Quod</span> <span class='ocrx_word' id='word_1_156' title='bbox 304 2910 351 2984; x_wconf 90' lang='lat' dir='ltr'>ad</span> <span class='ocrx_word' id='word_1_157' title='bbox 374 2911 614 2985; x_wconf 89' lang='lat' dir='ltr'>consecrandi</span> <span class='ocrx_word' id='word_1_158' title='bbox 645 2913 736 2986; x_wconf 89' lang='lat' dir='ltr'>ritus</span> <span class='ocrx_word' id='word_1_159' title='bbox 762 2913 907 3003; x_wconf 89' lang='lat' dir='ltr'>attinet,</span> <span class='ocrx_word' id='word_1_160' title='bbox 936 2913 1004 2987; x_wconf 89' lang='lat' dir='ltr'>etsi</span> <span class='ocrx_word' id='word_1_161' title='bbox 1027 2939 1162 3012; x_wconf 91' lang='lat' dir='ltr'>magna</span> 
     </span>
     <span class='ocr_line' id='line_1_24' title="bbox 124 3024 1161 3123; baseline 0.004 -24"><span class='ocrx_word' id='word_1_162' title='bbox 124 3037 288 3123; x_wconf 85' lang='lat' dir='ltr'>exparte</span> <span class='ocrx_word' id='word_1_163' title='bbox 305 3049 380 3098; x_wconf 93' lang='lat' dir='ltr'>non</span> <span class='ocrx_word' id='word_1_164' title='bbox 395 3049 417 3097; x_wconf 93' lang='lat' dir='ltr'>a</span> <span class='ocrx_word' id='word_1_165' title='bbox 435 3024 647 3121; x_wconf 88' lang='lat' dir='ltr'>Scripturis,</span> <span class='ocrx_word' id='word_1_166' title='bbox 674 3026 738 3099; x_wconf 90' lang='lat' dir='ltr'>sed</span> <span class='ocrx_word' id='word_1_167' title='bbox 755 3050 778 3098; x_wconf 88' lang='lat' dir='ltr'>a</span> <span class='ocrx_word' id='word_1_168' title='bbox 794 3039 980 3100; x_wconf 88' lang='lat' dir='ltr'>rectorum</span> <span class='ocrx_word' id='word_1_169' title='bbox 998 3028 1161 3103; x_wconf 86' lang='lat' dir='ltr'>ecclesiae</span> 
     </span>
     <span class='ocr_line' id='line_1_25' title="bbox 120 3137 1160 3236; baseline 0.003 -24"><span class='ocrx_word' id='word_1_170' title='bbox 120 3139 259 3236; x_wconf 88' lang='lat' dir='ltr'>judicio</span> <span class='ocrx_word' id='word_1_171' title='bbox 278 3137 532 3235; x_wconf 87' lang='lat' dir='ltr'>dependeant;</span> <span class='ocrx_word' id='word_1_172' title='bbox 560 3139 695 3213; x_wconf 89' lang='lat' dir='ltr'>debent</span> <span class='ocrx_word' id='word_1_173' title='bbox 712 3151 836 3213; x_wconf 92' lang='lat' dir='ltr'>tamen</span> <span class='ocrx_word' id='word_1_174' title='bbox 857 3152 1017 3215; x_wconf 85' lang='lat' dir='ltr'>rectores</span> <span class='ocrx_word' id='word_1_175' title='bbox 1034 3142 1087 3215; x_wconf 93' lang='lat' dir='ltr'>illi</span> <span class='ocrx_word' id='word_1_176' title='bbox 1104 3155 1160 3216; x_wconf 77' lang='lat' dir='ltr'>ta</span> 
     </span>
     <span class='ocr_line' id='line_1_26' title="bbox 123 3252 1160 3351; baseline 0.001 -24"><span class='ocrx_word' id='word_1_177' title='bbox 123 3253 177 3327; x_wconf 88' lang='lat' dir='ltr'>les</span> <span class='ocrx_word' id='word_1_178' title='bbox 187 3254 280 3326; x_wconf 90' lang='lat' dir='ltr'>ritus</span> <span class='ocrx_word' id='word_1_179' title='bbox 299 3252 482 3342; x_wconf 89' lang='lat' dir='ltr'>ordinare,</span> <span class='ocrx_word' id='word_1_180' title='bbox 496 3254 621 3349; x_wconf 88' lang='lat' dir='ltr'>quales</span> <span class='ocrx_word' id='word_1_181' title='bbox 635 3253 790 3327; x_wconf 90' lang='lat' dir='ltr'>actionis</span> <span class='ocrx_word' id='word_1_182' title='bbox 808 3254 921 3349; x_wconf 90' lang='lat' dir='ltr'>ipsius</span> <span class='ocrx_word' id='word_1_183' title='bbox 934 3267 1068 3329; x_wconf 89' lang='lat' dir='ltr'>natura</span> <span class='ocrx_word' id='word_1_184' title='bbox 1076 3279 1160 3351; x_wconf 88' lang='lat' dir='ltr'>pos-</span> 
     </span>
     <span class='ocr_line' id='line_1_27' title="bbox 124 3366 1162 3464; baseline 0.001 -24"><span class='ocrx_word' id='word_1_185' title='bbox 124 3367 247 3451; x_wconf 90' lang='lat' dir='ltr'>tulat;</span> <span class='ocrx_word' id='word_1_186' title='bbox 282 3389 425 3461; x_wconf 90' lang='lat' dir='ltr'>nempe,</span> <span class='ocrx_word' id='word_1_187' title='bbox 449 3376 491 3439; x_wconf 87' lang='lat' dir='ltr'>ut</span> <span class='ocrx_word' id='word_1_188' title='bbox 518 3366 746 3455; x_wconf 78' lang='lat' dir='ltr'>ceremoniae,</span> <span class='ocrx_word' id='word_1_189' title='bbox 776 3368 899 3456; x_wconf 88' lang='lat' dir='ltr'>verba,</span> <span class='ocrx_word' id='word_1_190' title='bbox 926 3379 1062 3464; x_wconf 90' lang='lat' dir='ltr'>gestus,</span> <span class='ocrx_word' id='word_1_191' title='bbox 1087 3392 1162 3441; x_wconf 96' lang='lat' dir='ltr'>non</span> 
     </span>
     <span class='ocr_line' id='line_1_28' title="bbox 124 3478 1161 3577; baseline 0.002 -24"><span class='ocrx_word' id='word_1_192' title='bbox 124 3479 235 3553; x_wconf 92' lang='lat' dir='ltr'>modo</span> <span class='ocrx_word' id='word_1_193' title='bbox 252 3479 326 3552; x_wconf 93' lang='lat' dir='ltr'>sint</span> <span class='ocrx_word' id='word_1_194' title='bbox 344 3478 527 3566; x_wconf 88' lang='lat' dir='ltr'>decentes,</span> <span class='ocrx_word' id='word_1_195' title='bbox 538 3480 603 3553; x_wconf 92' lang='lat' dir='ltr'>sed</span> <span class='ocrx_word' id='word_1_196' title='bbox 617 3481 727 3554; x_wconf 90' lang='lat' dir='ltr'>etiam</span> <span class='ocrx_word' id='word_1_197' title='bbox 741 3480 1001 3577; x_wconf 88' lang='lat' dir='ltr'>significantes,</span> <span class='ocrx_word' id='word_1_198' title='bbox 1019 3483 1077 3555; x_wconf 92' lang='lat' dir='ltr'>vel</span> <span class='ocrx_word' id='word_1_199' title='bbox 1090 3481 1161 3555; x_wconf 90' lang='lat' dir='ltr'>sal-</span> 
     </span>
     <span class='ocr_line' id='line_1_29' title="bbox 123 3591 1160 3686; baseline 0.001 -19"><span class='ocrx_word' id='word_1_200' title='bbox 123 3605 200 3667; x_wconf 89' lang='lat' dir='ltr'>tem</span> <span class='ocrx_word' id='word_1_201' title='bbox 212 3591 478 3666; x_wconf 86' lang='lat' dir='ltr'>consecrationi</span> <span class='ocrx_word' id='word_1_202' title='bbox 489 3593 706 3667; x_wconf 87' lang='lat' dir='ltr'>conformes.</span> <span class='ocrx_word' id='word_1_203' title='bbox 735 3594 1160 3686; x_wconf 78' lang='lat' dir='ltr'>QuandoMosesOExod.</span> 
     </span>
     <span class='ocr_line' id='line_1_30' title="bbox 123 3708 1162 3809; baseline 0.002 -24"><span class='ocrx_word' id='word_1_204' title='bbox 123 3711 192 3804; x_wconf 87' lang='lat' dir='ltr'>xl.)</span> <span class='ocrx_word' id='word_1_205' title='bbox 220 3708 510 3799; x_wconf 90' lang='lat' dir='ltr'>tabernaculum,</span> <span class='ocrx_word' id='word_1_206' title='bbox 541 3709 667 3799; x_wconf 87' lang='lat' dir='ltr'>altare,</span> <span class='ocrx_word' id='word_1_207' title='bbox 699 3721 736 3783; x_wconf 90' lang='lat' dir='ltr'>et</span> <span class='ocrx_word' id='word_1_208' title='bbox 762 3712 933 3785; x_wconf 86' lang='lat' dir='ltr'>utensilia</span> <span class='ocrx_word' id='word_1_209' title='bbox 959 3712 1029 3785; x_wconf 89' lang='lat' dir='ltr'>illis</span> <span class='ocrx_word' id='word_1_210' title='bbox 1050 3714 1162 3809; x_wconf 89' lang='lat' dir='ltr'>perti·</span> 
     </span>
     <span class='ocr_line' id='line_1_31' title="bbox 123 3822 1161 3917; baseline 0.001 -20"><span class='ocrx_word' id='word_1_211' title='bbox 123 3823 250 3897; x_wconf 91' lang='lat' dir='ltr'>nentia</span> <span class='ocrx_word' id='word_1_212' title='bbox 267 3822 506 3912; x_wconf 87' lang='lat' dir='ltr'>consecravit,</span> <span class='ocrx_word' id='word_1_213' title='bbox 531 3822 624 3910; x_wconf 90' lang='lat' dir='ltr'>oleo,</span> <span class='ocrx_word' id='word_1_214' title='bbox 639 3822 738 3917; x_wconf 93' lang='lat' dir='ltr'>quod</span> <span class='ocrx_word' id='word_1_215' title='bbox 763 3822 862 3896; x_wconf 89' lang='lat' dir='ltr'>Deus</span> <span class='ocrx_word' id='word_1_216' title='bbox 877 3823 915 3895; x_wconf 91' lang='lat' dir='ltr'>in</span> <span class='ocrx_word' id='word_1_217' title='bbox 933 3824 1032 3897; x_wconf 91' lang='lat' dir='ltr'>hunc</span> <span class='ocrx_word' id='word_1_218' title='bbox 1054 3848 1161 3898; x_wconf 90' lang='lat' dir='ltr'>usum</span> 
     </span>
     <span class='ocr_line' id='line_1_32' title="bbox 123 3934 1162 4032; baseline 0.004 -24"><span class='ocrx_word' id='word_1_219' title='bbox 123 3936 203 4009; x_wconf 90' lang='lat' dir='ltr'>fieri</span> <span class='ocrx_word' id='word_1_220' title='bbox 213 3938 382 4032; x_wconf 87' lang='lat' dir='ltr'>jusserat,</span> <span class='ocrx_word' id='word_1_221' title='bbox 400 3934 461 4007; x_wconf 91' lang='lat' dir='ltr'>illa</span> <span class='ocrx_word' id='word_1_222' title='bbox 477 3936 595 4022; x_wconf 90' lang='lat' dir='ltr'>unxit,</span> <span class='ocrx_word' id='word_1_223' title='bbox 613 3947 651 4009; x_wconf 93' lang='lat' dir='ltr'>et</span> <span class='ocrx_word' id='word_1_224' title='bbox 675 3948 804 4010; x_wconf 90' lang='lat' dir='ltr'>sancta</span> <span class='ocrx_word' id='word_1_225' title='bbox 820 3936 918 4011; x_wconf 86' lang='lat' dir='ltr'>facta</span> <span class='ocrx_word' id='word_1_226' title='bbox 934 3950 1043 4011; x_wconf 87' lang='lat' dir='ltr'>sunt:</span> <span class='ocrx_word' id='word_1_227' title='bbox 1069 3938 1162 4012; x_wconf 92' lang='lat' dir='ltr'>nihil</span> 
     </span>
     <span class='ocr_line' id='line_1_33' title="bbox 124 4049 1161 4147; baseline 0.004 -25"><span class='ocrx_word' id='word_1_228' title='bbox 124 4049 400 4122; x_wconf 91' lang='lat' dir='ltr'>consecratione</span> <span class='ocrx_word' id='word_1_229' title='bbox 426 4049 507 4138; x_wconf 91' lang='lat' dir='ltr'>hac,</span> <span class='ocrx_word' id='word_1_230' title='bbox 526 4049 574 4121; x_wconf 92' lang='lat' dir='ltr'>ad</span> <span class='ocrx_word' id='word_1_231' title='bbox 598 4049 761 4146; x_wconf 82' lang='lat' dir='ltr'>fuganda</span> <span class='ocrx_word' id='word_1_232' title='bbox 788 4050 1045 4147; x_wconf 87' lang='lat' dir='ltr'>phantasmata</span> <span class='ocrx_word' id='word_1_233' title='bbox 1073 4077 1161 4126; x_wconf 92' lang='lat' dir='ltr'>con-</span> 
     </span>
     <span class='ocr_line' id='line_1_34' title="bbox 120 4162 1160 4259; baseline 0.005 -25"><span class='ocrx_word' id='word_1_234' title='bbox 120 4163 284 4258; x_wconf 86' lang='lat' dir='ltr'>juratum</span> <span class='ocrx_word' id='word_1_235' title='bbox 301 4172 392 4235; x_wconf 90' lang='lat' dir='ltr'>erat.</span> <span class='ocrx_word' id='word_1_236' title='bbox 432 4162 534 4234; x_wconf 93' lang='lat' dir='ltr'>Idem</span> <span class='ocrx_word' id='word_1_237' title='bbox 550 4162 685 4251; x_wconf 89' lang='lat' dir='ltr'>Moses,</span> <span class='ocrx_word' id='word_1_238' title='bbox 699 4164 762 4259; x_wconf 91' lang='lat' dir='ltr'>qui</span> <span class='ocrx_word' id='word_1_239' title='bbox 775 4187 953 4237; x_wconf 91' lang='lat' dir='ltr'>summam</span> <span class='ocrx_word' id='word_1_240' title='bbox 971 4165 1009 4237; x_wconf 91' lang='lat' dir='ltr'>in</span> <span class='ocrx_word' id='word_1_241' title='bbox 1027 4166 1160 4239; x_wconf 88' lang='lat' dir='ltr'>lsraele</span> 
     </span>
     <span class='ocr_line' id='line_1_35' title="bbox 123 4273 1161 4370; baseline 0.006 -24"><span class='ocrx_word' id='word_1_242' title='bbox 123 4274 282 4349; x_wconf 89' lang='lat' dir='ltr'>habebat</span> <span class='ocrx_word' id='word_1_243' title='bbox 298 4285 531 4370; x_wconf 90' lang='lat' dir='ltr'>potestatem,</span> <span class='ocrx_word' id='word_1_244' title='bbox 548 4273 701 4349; x_wconf 84' lang='lat' dir='ltr'>fratrem</span> <span class='ocrx_word' id='word_1_245' title='bbox 718 4299 824 4350; x_wconf 87' lang='lat' dir='ltr'>suum</span> <span class='ocrx_word' id='word_1_246' title='bbox 842 4277 1025 4351; x_wconf 89' lang='lat' dir='ltr'>Aaronem</span> <span class='ocrx_word' id='word_1_247' title='bbox 1042 4302 1161 4352; x_wconf 86' lang='lat' dir='ltr'>sacer-</span> 
     </span>
    </p>
   </div>
   <div class='ocr_carea' id='block_1_3' title="bbox 0 0 1474 4980">
    <p class='ocr_par' dir='ltr' id='par_1_3' title="bbox 0 0 1474 4980">
     <span class='ocr_line' id='line_1_36' title="bbox 0 0 1474 4980; baseline 0 0"><span class='ocrx_word' id='word_1_248' title='bbox 0 0 1474 4980; x_wconf 95' lang='lat' dir='ltr'> </span> 
     </span>
    </p>
   </div>
  </div>
 </body>
</html>
