2926 4980
333 386 549 439 Anrnunrx
569 387 624 438 an
645 386 900 438 nnvmrnnn.
1067 369 1138 448 547

151 556 186 627 Α
191 612 199 629 .
227 555 400 630 Ecclesiae
421 580 509 651 ergo
527 556 742 651 Anglicanae
760 557 924 630 conditio
942 556 1059 651 qualis
1076 556 1141 629 ho-

100 668 159 741 die
183 669 356 758 cernitur,
374 681 453 742 tum
469 669 631 764 puritate
658 668 837 741 doctrinae
855 668 1057 741 conditioni
1081 657 1141 741 ec-

101 782 233 869 clesiae,
252 805 333 876 quae
351 793 431 854 erat
448 792 613 877 tempore
632 781 876 870 Constantini,
894 781 1045 877 aequalis
1063 794 1139 865 est;

101 908 181 967 tum
216 896 390 991 aequitate
423 896 547 990 legum
587 893 927 986 ecclesiasticarum,
963 896 1139 992 superior.

101 1009 273 1104 Iniquum
301 1009 400 1081 enim
426 1008 582 1097 videtur,
611 1020 653 1081 ut
676 1008 800 1095 homo,
824 1011 926 1105 cujus
954 1008 1045 1082 fides
1074 1032 1141 1081 suo

103 1123 216 1195 solius
233 1123 399 1220 periculo
416 1123 583 1210 sumitur,
603 1145 646 1194 eo
669 1121 817 1193 nomine
840 1122 1016 1217 puniatur
1044 1120 1143 1216 quod

103 1235 152 1308 sit
170 1260 334 1325 erronea,
348 1235 552 1331 praesertim
570 1235 617 1308 ab
635 1233 707 1306 illis
726 1235 857 1329 quibus
875 1234 1015 1307 alienus
1041 1258 1144 1307 error

104 1347 301 1421 damnosus
318 1371 393 1420 non
410 1358 477 1420 est.

154 1460 203 1534 B.
231 1461 375 1551 Errare,
403 1460 534 1556 decipi,
553 1459 648 1532 male
674 1460 821 1549 sentire,
839 1472 972 1534 natura
990 1486 1057 1534 sua
1074 1462 1145 1534 cri·

103 1597 189 1646 men
216 1599 291 1648 non
308 1587 386 1657 est;
412 1597 493 1661 nec,
522 1572 611 1645 dum
638 1572 736 1645 intra
762 1585 892 1669 pectus
920 1575 1144 1664 continetur,

104 1711 207 1761 error
222 1688 303 1760 fieri
321 1686 459 1759 crimen
476 1695 609 1781 potest.
654 1684 749 1758 Nam
768 1709 841 1781 quo
859 1686 979 1760 indice
997 1712 1146 1762 accusa-

103 1801 215 1889 bitur,
238 1823 311 1895 quo
329 1811 424 1872 teste
441 1798 708 1871 convincetur?
761 1799 957 1873 Quomodo
982 1825 1071 1898 ergo
1084 1803 1144 1897 jn-

104 1912 312 1987 dicabitur?
340 1914 390 1985 At
407 1913 520 1984 verba
537 1912 675 1983 crimen
694 1934 772 1984 esse
784 1924 950 2007 possunt,
964 1925 1002 1986 et
1013 1915 1145 2009 quibus

102 2027 330 2124 legislatores
359 2026 488 2098 volunt
514 2024 632 2120 poenis
658 2025 781 2120 puniri
809 2025 887 2098 sine
914 2026 1072 2121 injuria;
1109 2040 1146 2102 et

105 2145 253 2240 quidem
270 2142 449 2238 supplicio
467 2140 608 2213 ultimo.
662 2142 701 2214 Si
718 2141 945 2239 blasphemia
964 2145 1001 2217 in
1020 2169 1146 2242 regem

105 2268 223 2330 morte
251 2254 375 2351 puniri
404 2267 540 2349 potest,
566 2254 683 2327 multo
710 2257 827 2351 magis
854 2257 1081 2354 blasphemia
1107 2260 1146 2332 in

106 2370 236 2442 Deum.
288 2368 539 2440 Veruntamen
566 2367 749 2462 aequitatis
775 2380 841 2458 est,
861 2371 958 2442 utin
983 2372 1049 2444 tali
1065 2372 1146 2468 lege

106 2492 232 2576 aperte
250 2481 443 2553 definitum
461 2482 521 2570 sit,
535 2493 614 2552 tum
628 2480 718 2576 quid
731 2480 778 2553 sit
791 2482 930 2554 crimen
945 2483 1046 2578 quod
1060 2508 1147 2556 cou-

106 2594 313 2681 demnatur,
330 2607 411 2666 tum
438 2594 519 2689 quis
550 2593 598 2666 sit
628 2592 758 2666 modus
786 2595 985 2688 puniendi3
1013 2620 1057 2670 eo
1074 2598 1147 2669 fine

105 2719 148 2781 ut
165 2708 422 2803 expectatione
445 2731 565 2802 poenae
593 2707 710 2779 malus
734 2731 757 2779 a
777 2708 1042 2784 malefaciendo
1067 2713 1149 2784 abs·

106 2834 301 2895 terreatur.
354 2821 545 2916 Legitimae
563 2821 660 2892 enim
678 2844 799 2915 poenae
815 2822 900 2895 finis
917 2847 993 2896 non
1010 2835 1065 2897 est
1082 2825 1148 2898 irae

106 2947 236 3008 contra
263 2935 450 3008 hominem
474 2933 632 3022 satiati0,
651 2933 727 3023 sed,
745 2933 794 3007 ad
819 2937 1054 3010 commodum
1080 2939 1148 3011 hn-

105 3049 205 3120 mani
218 3050 377 3145 generis,
400 3048 617 3143 injuriarum
636 3059 814 3142 quantum
830 3050 910 3122 fieri
927 3063 1052 3147 potest
1068 3077 1150 3149 pre·

106 3163 256 3248 ventio;
283 3175 321 3236 et
348 3162 476 3256 iniqua
502 3171 557 3233 est
584 3159 643 3232 lex
677 3162 807 3250 omnis,
838 3185 920 3257 quae
953 3188 1029 3238 non
1063 3177 1149 3240 ante

106 3276 362 3365 comminatur,
391 3297 502 3369 quam
528 3273 640 3356 ferit3
668 3284 705 3345 et
730 3277 963 3369 quantumvis
991 3301 1149 3352 summa-

106 3412 189 3462 rum
206 3400 434 3485 potestatum
459 3388 498 3459 in
523 3386 666 3483 legibus
684 3385 885 3461 condendis
905 3390 967 3484 jus
995 3391 1149 3466 arbitra-

106 3502 203 3574 rium
226 3502 286 3590 sit,
317 3499 551 3574 arbitrarium
581 3511 705 3572 tamen
733 3523 808 3572 uon
832 3504 943 3575 estin
963 3506 1149 3580 sumendis

105 3617 224 3714 poenis
250 3639 334 3710 quae
359 3639 434 3688 non
458 3614 533 3687 sint
551 3626 637 3687 ante
660 3614 802 3709 legibus
829 3614 1000 3691 definitae.
1054 3619 1149 3693 Prae-

105 3743 220 3814 terea,
238 3729 297 3801 lex
325 3727 394 3800 nisi
422 3726 609 3800 declarata
635 3726 682 3798 sit
708 3739 746 3799 et
771 3729 1015 3826 promulgata,
1033 3733 1087 3805 ita
1107 3747 1150 3806 ut

106 3841 346 3938 ignorationis
378 3839 566 3911 excusatio
595 3839 716 3912 omnis
733 3841 932 3935 probabilis
951 3845 1149 3937 auferatur,

106 3979 153 4028 ne
172 3953 209 4025 id
228 3953 387 4048 quidem,
406 3951 505 4048 quod
523 3964 653 4026 contra
673 3953 793 4048 legem
809 3954 948 4029 factum
966 3970 1034 4048 est,
1051 3973 1152 4034 recte

106 4067 230 4165 puniri
248 4079 313 4139 aut
330 4066 470 4138 crimen
488 4067 664 4162 appellari
681 4078 816 4162 potest.

158 4181 205 4253 A.
235 4180 346 4255 Quod
375 4180 514 4252 factum
545 4192 602 4254 est
631 4192 761 4254 contra
789 4181 908 4278 legem
936 4189 1153 4275 naturalem,

107 4319 230 4369 nonne
249 4295 388 4368 crimen
406 4306 474 4383 est,
498 4306 535 4367 et
551 4293 674 4391 puniri
702 4305 837 4390 potest,
866 4297 1010 4373 etiamsi
1032 4302 1154 4377 nullus

107 4409 182 4506 legi
199 4408 406 4504 adscriptus
424 4407 473 4480 sit
485 4405 664 4503 puniendi
681 4407 837 4482 modus?
989 4436 1017 4488 u
1035 4438 1090 4489 Na

1188 588 1266 638 caP.
1281 589 1320 638 11.

1181 668 1322 703 -fa

1296 741 1302 753 ί

1183 743 1216 786 Dc
1225 742 1311 786 heren.
