2926 4980
333 414 550 467 arrrunrx
568 413 624 465 an
645 411 901 465 tnvrarnau.
1069 398 1140 462 515

96 585 366 682 phantasmata,
393 582 502 671 idola,
528 582 599 656 hoc
635 594 703 671 est,
736 592 779 654 ut
812 580 903 655 dicit
929 580 966 654 S.
996 578 1142 669 Paulus,
1202 611 1279 662 cap,
1290 611 1315 661 1,

97 698 200 770 nihil.
253 697 383 792 Neque
397 710 521 769 tamen
536 718 662 768 earum
679 719 754 767 una
766 695 888 767 verior
900 706 958 767 est
975 691 1141 782 candela,
1181 692 1327 812 m

97 835 208 908 quam
222 809 573 906 reliquae,quatenus
586 818 780 903 apparent;
800 806 962 880 sedvera
975 805 1140 896 candela,
1183 822 1275 867 Nioem

98 948 180 1021 quae
196 922 377 1019 principio
394 921 515 1019 posita
531 932 624 1010 erat,
638 919 873 994 candelarum
886 920 1144 1016 apparentium

97 1049 243 1110 tantum
260 1036 362 1109 nulla
387 1047 456 1125 est,
483 1034 549 1108 sed
564 1058 624 1108 res
645 1034 735 1130 ipsa,
755 1033 956 1130 eademque
973 1057 1084 1107 causa
1100 1033 1144 1105 il·

97 1151 216 1224 larum
244 1150 408 1223 omnium
438 1148 652 1244 imaginum,
671 1160 710 1220 et
726 1159 923 1244 propterea
941 1148 986 1220 ab
1000 1146 1145 1219 Aristo-¹

97 1265 170 1336 tele
195 1262 437 1359 distinguitur
461 1261 762 1357 aphantasmate
788 1284 854 1356 per
883 1284 1012 1333 vocem
1030 1260 1145 1358 hypo-

97 1377 229 1464 stasis,
248 1377 352 1473 quasi
369 1377 436 1448 sub
462 1375 622 1471 imagine
647 1386 762 1448 staret
786 1399 844 1447 res
864 1374 944 1470 ipsa
968 1373 1144 1456 latitans;

99 1514 209 1587 quam
223 1490 388 1563 Graecam
399 1512 526 1561 vocem
545 1487 668 1561 Latini
682 1487 730 1560 ad
755 1487 933 1583 syllabam
951 1499 1145 1560 verterunt

98 1602 357 1676 substantiam.
409 1603 458 1675 Et
488 1602 541 1674 sic
568 1601 801 1697 distinguunt
826 1613 906 1674 tum
927 1601 1047 1675 Graeci
1064 1613 1144 1675 tum

99 1717 221 1790 Latini
238 1739 315 1789 rem
334 1740 459 1790 veram
486 1716 589 1789 inse
616 1716 888 1805 subsistentem,
916 1740 940 1788 a
969 1716 1143 1811 phantas-

98 1841 208 1921 mate,
227 1855 309 1927 quae
327 1830 473 1904 videtur
491 1830 704 1919 subsistere,
722 1853 792 1902 nec
819 1829 1000 1920 subsistit,
1026 1852 1145 1925 neque

100 1955 155 2018 est
173 1969 251 2018 ens.
303 1943 437 2016 Nonne
454 1943 535 2017 haec
553 1952 609 2016 est
624 1966 714 2016 vera
729 1942 917 2015 distinctio
942 1942 1041 2015 inter
1065 1965 1144 2014 rem

99 2057 217 2154 ipsam
236 2067 274 2130 et
287 2079 392 2128 suam
406 2052 683 2151 apparentiam?

149 2170 200 2242 B.
228 2169 285 2240 lta
299 2181 366 2240 est.
395 2165 469 2238 Sed
487 2167 614 2239 Patres
632 2164 796 2239 ecclesiae
813 2165 885 2239 illis
905 2165 1143 2262 temporibus,

101 2295 181 2355 tum
199 2293 285 2354 ante
302 2292 383 2353 tum
408 2292 493 2377 post
511 2279 716 2353 Concilium
728 2279 923 2369 Nicenum,
941 2278 1145 2375 inscriptis

101 2396 175 2469 suis
192 2418 321 2468 vocem
335 2393 554 2492 hypostasis
572 2392 745 2466 videntur
755 2394 827 2466 alio
844 2391 954 2467 modo
966 2392 1143 2488 interpre-

104 2509 188 2597 tari,
206 2509 423 2604 mysterium
439 2507 633 2580 Trinitatis
660 2507 881 2579 Christianis
896 2507 1065 2579 omnibus
1088 2506 1146 2578 in-

104 2620 293 2717 telligibile
311 2620 465 2693 reddere
484 2620 672 2716 cupientes
688 2652 698 2704 ;
730 2631 769 2693 et
793 2619 885 2692 illud
902 2620 1041 2716 optime
1065 2619 1146 2693 fieri

101 2758 209 2831 posse
239 2734 499 2807 existimabant
522 2757 589 2830 per
614 2732 891 2806 similitudinem
914 2734 1022 2830 ignis,
1040 2733 1147 2806 lumi-

102 2849 171 2936 nis,
199 2860 238 2920 et
271 2848 414 2937 caloris,
444 2872 527 2944 quae
555 2848 628 2920 tria
656 2870 771 2919 unum
799 2870 879 2920 esse
908 2859 1145 2943 putaverunt,

102 2975 141 3035 et
163 2962 288 3057 ignem
314 2960 462 3056 quidem
480 2960 528 3033 ad
545 2961 704 3049 Patrem,
729 2959 854 3032 lumen
871 2959 920 3033 ad
946 2959 1089 3048 Filium,
1107 2971 1146 3033 et

103 3076 261 3148 calorem
280 3073 328 3146 ad
346 3073 523 3170 Spiritum
548 3074 725 3146 Sanctum
742 3073 959 3146 retulerunt.
1010 3073 1055 3146 ln
1073 3096 1147 3170 qua

103 3188 342 3262 similitudine
360 3187 573 3282 congruitas
591 3198 688 3259 esset
703 3185 860 3259 sortasse
878 3196 1062 3276 accurata,
1075 3187 1146 3259 nisi

104 3301 203 3399 quod
215 3301 312 3396 ignis
325 3299 498 3396 splendor
511 3311 550 3372 et
564 3299 665 3371 calor
676 3299 892 3373 substantiae
904 3323 971 3373 nec
983 3300 1145 3389 sint,nec

104 3417 190 3512 ipsis
201 3415 371 3489 Patribus
384 3437 461 3486 esse
476 3412 563 3486 visae
576 3413 661 3500 sint,
673 3414 876 3509 praesertim
887 3413 1144 3501 Aristotelicis

103 3529 174 3602 nisi
199 3529 294 3601 forte
321 3528 398 3623 ipse
426 3526 521 3622 ignis
546 3538 706 3621 ponatur
731 3550 799 3623 pro
828 3526 957 3622 ignito.
1021 3527 1145 3599 Homo

104 3642 202 3714 enim
236 3651 274 3712 et
304 3639 440 3735 ignem,
470 3650 508 3712 et
538 3637 674 3724 lumen,
706 3651 745 3711 et
775 3638 935 3713 calorem
963 3640 1147 3735 extinguit

104 3755 249 3852 quoties
263 3752 376 3835 libet;
403 3751 468 3824 sed
485 3763 529 3823 ut
545 3774 659 3845 agens
675 3762 752 3824 tam
770 3752 937 3825 infirmus
962 3776 1072 3847 quam
1090 3765 1146 3825 est

103 3869 228 3957 homo,
246 3876 453 3938 creaturam
468 3886 594 3936 veram
612 3863 889 3937 substantialem
905 3863 1018 3938 aDeo
1029 3864 1145 3938 omni-

104 3992 256 4078 potente
282 3989 443 4051 creatam
461 3976 678 4073 extinguere
707 3978 836 4073 possit,
865 3978 965 4051 etin
992 3978 1146 4052 nibilum
1196 3962 1198 3966 ¹

105 4093 284 4189 redigere,
311 4113 381 4163 nec
408 4089 581 4186 jubemur
606 4088 768 4178 credere,
787 4115 856 4162 nec
874 4089 1048 4163 credibile
1078 4103 1146 4164 est.

105 4206 235 4302 Itaque
254 4204 396 4300 quoties
414 4202 725 4298 comparationem
743 4202 842 4275 illam
860 4202 1091 4277 adducebant
1109 4206 1148 4278 in

105 4320 253 4418 scriptis
283 4316 453 4414 propriis,
476 4317 603 4389 Patres
626 4315 695 4413 ipsi
722 4316 938 4412 adjecerunt
960 4318 1147 4406 continno,

937 4453 1031 4505 nna
