2926 4980
500 318 554 369 nn
575 317 758 372 nemun.
1115 303 1158 381 71

120 482 364 557 estimantur.
416 484 565 573 Contra,
588 485 794 574 convitiari,
817 484 982 574 irridere,
999 486 1165 560 miseres-

121 619 221 685 cere,
240 597 457 671 inhonorare
471 610 541 672 est.

175 710 297 783 Quem
317 709 537 806 alloquimur
550 709 790 801 considerate,
807 734 919 806 quem
941 709 1085 785 adimus
1103 710 1165 784 de-

124 817 209 895 core
223 821 495 918 humiliterque,
507 823 752 907 honoramus;
770 846 856 897 nam
868 824 974 919 signa
985 824 1065 897 haec
1077 834 1165 900 sunt

124 935 283 1009 nolentis
305 935 510 1032 displicere.
563 937 715 1025 Contra,
732 948 869 1010 temere
886 936 1035 1034 alloqui,
1053 936 1165 1010 etiam

125 1047 358 1144 impudenter
367 1049 426 1122 vel
436 1050 594 1146 turpiter
605 1072 727 1123 coram
738 1049 1085 1145 agere,inhonorare
1096 1062 1163 1123 est.

177 1160 347 1250 Credere,
360 1161 487 1252 fidere,
499 1162 716 1236 honorantis
733 1174 811 1246 est;
839 1163 985 1259 signum
999 1163 1164 1237 enimest

127 1275 328 1370 potentiam
345 1275 590 1349 attribuentis.

179 1387 382 1461 Consilium
410 1388 564 1482 alicujus
590 1388 648 1462 vel
675 1411 880 1462 sermonem
907 1411 1163 1486 quemcunque

127 1501 345 1591 auscultare,
362 1501 577 1575 honorantis
595 1514 671 1575 est:
699 1502 845 1597 signnm
875 1502 972 1576 enim
996 1515 1053 1575 est
1077 1525 1164 1598 pru-

128 1615 290 1690 dentiam
298 1616 358 1689 vel
374 1615 563 1713 ingenium
576 1615 636 1689 vel
653 1615 900 1711 eloquentiam
917 1615 1163 1689 attribuentis.

128 1729 274 1803 interea
291 1728 462 1819 dormire,
480 1729 590 1818 exire,
607 1728 815 1824 interloqui,
830 1728 1066 1801 contrarium.

175 1843 230 1915 Ila
245 1843 367 1916 facere
380 1842 490 1915 alicui
503 1865 584 1937 quae
600 1865 667 1937 pro
682 1840 797 1937 signis
813 1840 963 1914 honoris
977 1841 1055 1936 ipse
1072 1842 1166 1914 aeci·

128 1955 193 2051 pit,
209 1956 269 2029 vel
289 1981 335 2030 ea
354 1980 437 2053 quae
462 1956 521 2029 lex
545 1968 609 2030 aut
631 1954 858 2028 consuetudo
884 1955 1035 2030 honoris
1062 1955 1166 2051 signa

130 2069 268 2159 statuit,
284 2070 501 2143 honorantis
518 2081 598 2152 est;
626 2067 713 2164 quia
735 2067 913 2141 honorem
935 2069 981 2140 ab
1005 2068 1084 2142 aliis
1112 2068 1166 2143 illi

130 2181 293 2254 habitum
313 2183 518 2255 confirmat.

177 2295 221 2367 ln
238 2293 472 2389 opinionibus
490 2293 708 2383 consentire,
718 2293 934 2368 honorantis
952 2305 1032 2378 est;
1050 2307 1093 2368 ut
1106 2296 1166 2390 ju-

132 2406 264 2480 dicium
273 2420 312 2480 et
325 2406 541 2502 sapientiam
552 2407 630 2502 ejus
641 2408 924 2503 comprobantis.
951 2406 1166 2497 Dissentire,

132 2519 352 2593 contrarium
369 2531 427 2593 est
442 2552 451 2605 ;
478 2531 607 2616 utpote
630 2520 775 2610 erroris,
794 2519 852 2595 vel
869 2520 900 2592 si
917 2519 1092 2593 dissentio
1120 2519 1167 2594 sit

131 2634 167 2706 in
183 2634 305 2707 multis
323 2634 444 2723 rebus,
463 2633 627 2708 stultitiae
644 2632 890 2730 exprobratio.

178 2747 330 2837 Imitari,
348 2747 563 2821 honorantis
586 2760 668 2831 est;
694 2757 736 2820 ut
760 2769 843 2843 quae
870 2756 926 2819 est
950 2745 1166 2841 approbatio

131 2859 334 2933 vehemens.

179 2974 372 3047 Honorare
386 2995 479 3070 quos
492 2973 573 3069 quis
585 2973 753 3061 honorat,
767 2972 947 3046 honorare
961 2973 1081 3069 ipsum
1094 2983 1165 3058 est;

131 3108 260 3182 nempe
273 3084 403 3182 judicii
420 3085 499 3181 ejus
516 3084 742 3181 approbatio.

178 3199 302 3295 Opera
326 3196 479 3295 alicujus
503 3198 571 3287 uti,
596 3198 635 3271 in
665 3197 844 3294 capiendo
872 3198 1023 3272 consilio
1046 3199 1105 3271 vel
1128 3198 1167 3271 in

133 3312 237 3384 rebus
254 3310 390 3400 arduis,
408 3311 623 3384 honorantis
646 3320 722 3395 est;
748 3321 791 3383 ut
813 3310 1004 3406 sapientiae
1019 3311 1078 3382 vel
1101 3335 1167 3405 po-

133 3425 256 3499 tentiae
273 3427 352 3520 ejus
369 3423 520 3520 agnitio.

180 3539 302 3634 Atque
319 3537 398 3610 haeo
414 3536 565 3610 honoris
578 3535 694 3631 signa,
705 3545 786 3608 tum
801 3536 842 3610 in
859 3536 1068 3610 civitatibus
1087 3549 1167 3609 tum

133 3663 244 3740 extra,
261 3648 457 3723 naturalia
474 3659 572 3723 sunt.
623 3649 667 3720 In
677 3648 886 3722 civitatibus
902 3661 1038 3739 autem,
1055 3649 1119 3722 ubi
1136 3649 1167 3722 is

133 3764 187 3836 vel
205 3764 241 3853 ii,
253 3763 317 3860 qui
330 3762 467 3835 habent
479 3761 738 3834 authoritatem
750 3761 856 3857 signa
867 3762 1017 3837 honoris
1031 3762 1168 3837 consti-

132 3876 257 3950 tuendi
275 3899 502 3972 quaecunque
514 3875 652 3965 volunt,
663 3875 726 3947 alii
736 3887 823 3947 sunt
834 3874 1041 3949 honorandi
1053 3875 1165 3948 modi.

181 3989 321 4063 Civitas
348 3989 466 4061 civem
491 3989 650 4062 honorat
675 3989 919 4086 impertiendo
944 3988 1093 4061 titulum
1109 3989 1168 4061 vel

131 4103 356 4199 provinciam
374 4102 432 4175 vel
456 4103 646 4199 negotium
671 4102 927 4199 quodcunque,
945 4101 975 4174 si
993 4100 1084 4173 illud
1100 4100 1167 4173 ho-

131 4218 229 4291 noris
246 4216 393 4311 signum
413 4239 491 4289 esse
514 4215 756 4289 constituerit.
809 4214 1086 4290 Mardochaeum
1103 4237 1167 4289 rex

1210 520 1288 570 CAP.
1300 521 1317 573 l

1203 599 1317 640 *r-

1176 661 1212 706 De
1220 661 1317 718 potent·

1175 727 1250 778 niue,
1257 730 1280 770 et
1288 725 1317 770 ho
