2926 4980
369 394 423 443 on
443 393 636 445 crvrrarn
657 392 925 445 enumerans.
1092 380 1159 446 421

180 561 408 655 Argumenta
424 573 558 651 autem,
577 562 706 657 quibus
718 561 874 658 probare
888 570 1042 632 conatnr
1055 561 1164 656 juris-
1189 598 1266 648 cap,
1279 598 1362 648 xm,

131 671 329 745 dictionem
347 697 450 746 suam
466 675 632 771 accipere
650 675 838 770 episcopos
858 697 881 746 a
896 673 1070 770 pontifice
1087 673 1162 746 Ro·
1200 680 1348 799 oxus-‘aa

130 811 251 877 mano,
270 811 354 860 cum
370 788 534 884 pontifex
551 789 628 884 ipse
645 789 684 860 in
701 786 870 861 dominiis
900 785 1027 859 alienis
1051 785 1163 880 juris·
1199 805 1351 851 aalma

130 900 329 973 dictionem
354 901 490 973 nnllam
516 902 661 989 habeat,
685 901 808 973 omnia
833 899 1040 971 frustranea
1067 909 1163 974 snnt.

130 1014 390 1104 Veruntamen,
419 1016 504 1109 quia
530 1015 688 1111 probant
711 1011 1007 1109 jurisdictionem
1025 1011 1164 1107 episco-

130 1151 260 1223 porum
295 1126 451 1200 derivari
478 1152 501 1200 a
530 1137 713 1224 potestate
747 1150 889 1199 summa
916 1123 1025 1214 civili,
1054 1123 1166 1220 digna

130 1253 220 1337 puto
235 1252 276 1313 ut
293 1265 336 1313 ea
352 1241 513 1314 recitem.
554 1241 713 1313 Primum
732 1251 788 1313 est
801 1239 944 1312 aNum.
958 1239 1006 1311 xi.
1027 1246 1084 1327 16,
1102 1240 1162 1320 17:

129 1354 193 1426 ubi
210 1356 346 1440 Moses
365 1379 448 1426 cnm
471 1354 777 1427 administrationi
802 1352 1011 1449 reipublicae
1034 1350 1164 1424 Israel-

130 1466 225 1539 iticae
251 1491 326 1540 non
352 1468 545 1555 sufficeret,
568 1469 689 1562 jussus
720 1479 775 1538 est
792 1490 814 1538 a
832 1466 910 1537 Deo
937 1464 1070 1560 eligere
1096 1462 1165 1536 sibi

130 1581 361 1676 septuaginta
388 1581 485 1653 viros
515 1605 559 1653 ex
587 1580 788 1653 senioribus
819 1578 973 1666 Israelis,
997 1587 1040 1650 ut
1067 1577 1165 1649 Dens

129 1706 271 1789 partem
291 1695 439 1790 spiritus
457 1694 573 1766 Mosis
599 1693 670 1764 illis
696 1691 810 1764 daret.
862 1689 1084 1785 Intelligitnr
1101 1714 1164 1763 au·

129 1818 205 1880 tem
234 1807 331 1893 inde,
359 1831 433 1879 non
451 1807 619 1902 spiritum
640 1806 755 1878 Mosis
781 1830 803 1877 a
828 1806 906 1877 Deo
935 1803 1165 1876 debilitatum

129 1920 239 1994 fnisse
259 1955 268 2004 ;
295 1921 347 1993 sic
365 1921 462 1993 enim
480 1921 578 1992 Deus
604 1919 706 1992 illum
724 1943 797 1991 non
816 1916 964 1990 omnino
982 1917 1165 1989 sublevas-

129 2046 201 2117 set;
228 2033 293 2106 sed
311 2032 409 2129 quod
428 2033 527 2106 Deus
539 2033 799 2105 authoritatem
816 2031 961 2104 illorum
975 2030 1021 2102 ab
1032 2029 1165 2102 antho-

129 2147 238 2218 ritate
268 2147 383 2219 Mosis
414 2146 615 2219 derivatam
646 2170 723 2218 esse
747 2144 969 2233 ostenderet,
991 2141 1163 2237 quemad-

129 2259 278 2332 modum
300 2258 536 2332 Bellarminus
561 2261 637 2356 ipse
664 2272 764 2331 recte
792 2270 829 2330 et
859 2258 1017 2353 ingenue
1044 2256 1165 2328 locum

130 2373 227 2445 hunc
260 2374 534 2468 interpretatur.
604 2373 787 2446 Quoniam
822 2394 909 2467 ergo
932 2381 1161 2465 potestatem

130 2485 273 2558 civilem
290 2487 328 2558 in
347 2485 521 2558 Israelitis
539 2486 721 2581 integram
740 2498 828 2557 tnnc
849 2482 1010 2555 habebat
1028 2481 1163 2571 Moses,

129 2599 313 2671 habebant
330 2598 441 2670 etiam
455 2598 717 2670 authoritatem
736 2620 837 2669 suam
852 2594 1084 2690 septuaginta
1095 2596 1165 2668 viri

129 2737 152 2784 a
169 2736 311 2784 summa
326 2722 506 2807 potestate
524 2710 633 2782 civili.
686 2711 803 2782 Locus
825 2732 914 2803 ergo
934 2707 994 2779 ille
1019 2708 1164 2803 probat,

130 2825 286 2898 inomni
309 2825 458 2896 civitate
479 2823 688 2896 Christiana
710 2821 1003 2919 jurisdictionem
1025 2821 1165 2917 episco-

129 2962 260 3035 porum
272 2937 477 3033 dependere
495 2960 670 3009 asumma
679 2948 861 3032 potestate
875 2933 981 3023 cirili,
994 2934 1166 3028 quemad-

129 3051 278 3124 modum
293 3076 316 3123 a
327 3063 510 3147 potestate
525 3050 632 3146 Papae
650 3050 687 3122 in
706 3049 867 3121 dominio
878 3071 944 3120 suo
959 3048 1163 3144 temporali.

179 3167 447 3261 Argumentum
465 3163 666 3236 secundum
681 3163 835 3235 sumitur
846 3172 1009 3233 enatura
1022 3184 1165 3233 monar-

130 3280 232 3352 chiae.
283 3280 326 3351 In
338 3277 549 3350 monarchia
566 3288 688 3349 autem
706 3274 907 3348 authoritas
922 3272 1040 3345 omnis
1053 3272 1163 3368 origi-

129 3392 262 3465 naliter
279 3392 315 3463 in
334 3415 407 3463 uno
425 3401 569 3464 tantum
591 3390 739 3462 homine
757 3401 812 3461 est
827 3419 836 3471 ;
863 3387 902 3459 in
928 3386 1083 3474 caeteria
1098 3410 1164 3483 per

130 3505 393 3578 derivationem
420 3505 467 3577 ab
494 3504 568 3577 illo.
621 3503 693 3576 Sed
721 3504 884 3599 regimen
907 3499 1068 3573 ecclesiae
1086 3522 1164 3571 mo-

129 3618 343 3691 narchicnm
369 3642 448 3690 esse
479 3618 640 3705 assumit,
668 3628 706 3689 et
729 3616 814 3688 inde
841 3613 951 3687 infert
975 3613 1163 3709 episcopos

130 3731 221 3803 alios
250 3730 544 3826 jurisdictionem
574 3754 677 3802 suam
711 3729 876 3824 accipere
910 3726 957 3798 ab
992 3725 1164 3821 episcopo

130 3845 309 3916 Romano.
363 3843 436 3915 Sed
458 3841 621 3915 ecclesiae
638 3854 760 3914 rector
786 3840 860 3913 sive
887 3839 1086 3911 monarcha
1103 3839 1163 3926 sit,

131 3957 218 4045 sive,
231 3969 272 4030 nt
285 3968 370 4029 ante
384 3955 489 4044 dixit,
503 3955 637 4051 partim
651 3956 861 4039 monarcha,
872 3955 949 4027 sive
963 3953 1165 4026 monarcha

129 4070 276 4159 mixtus,
305 4079 561 4165 argumentum
595 4069 712 4165 ipsum
746 4093 813 4165 pro
843 4069 990 4162 regibus
1016 4066 1161 4139 militat.

131 4185 225 4257 Sunt
243 4184 340 4257 enim
358 4184 410 4255 illi
427 4181 656 4255 subditorum
674 4206 835 4270 suorum,
853 4181 891 4253 id
905 4193 971 4269 est,
991 4178 1163 4252 ecclesia-

129 4323 211 4370 rum
230 4322 312 4393 qnae
330 4297 367 4368 in
385 4296 460 4369 suis
478 4295 638 4392 ipsorum
657 4295 825 4368 dominiis
844 4295 1017 4380 existunt,
1034 4291 1164 4383 (eccle-

129 4412 183 4485 sia
210 4411 321 4501 enim,
348 4423 385 4483 et
410 4409 565 4506 populus
584 4406 822 4498 Christianus,
840 4407 969 4481 eadem
991 4429 1049 4478 res
1076 4406 1165 4495 est).
