2926 4980
497 362 552 421 nn
570 363 777 417 0111111111.
1090 342 1158 422 167

121 514 153 588 si
169 515 276 588 multi
294 516 406 591 simul
423 531 553 593 contra
568 520 728 593 civitatis
744 529 961 616 potestatem
979 541 1157 591 summam
1182 558 1260 610 w,
1274 560 1350 610 m
1410 574 1413 580 .

121 628 261 703 crimen
278 630 430 727 aliquod
440 632 688 707 commiserint
701 636 867 730 capitale,
880 644 1033 730 propter
1046 631 1155 727 qnod,
1198 642 1341 748 m

122 742 193 814 nisi
204 766 243 815 se
254 742 468 835 defendant,
484 758 678 843 expectant
689 759 858 835 mortem,
876 761 1017 842 quaeret
1027 745 1157 841 aliquis
1199 770 1286 814 cvrum.

124 866 249 928 utrum
264 856 475 931 libertatem
492 860 544 932 illi
570 860 776 956 conjunctis
798 861 935 932 viribus
965 882 1003 931 se
1028 871 1157 931 mutuo

124 967 347 1044 defendendi
372 971 556 1046 habeant?
608 974 758 1047 Habent
779 986 889 1047 certe.
941 972 1038 1044 Nam
1064 973 1158 1045 vitas

125 1106 209 1156 suas
227 1083 432 1158 defendunt
460 1097 628 1173 tantum;
653 1086 693 1159 id
718 1086 817 1182 qnod
845 1096 881 1159 et
907 1086 1094 1159 innocenti
1122 1097 1160 1158 et

124 1197 274 1271 nocenti
303 1222 407 1294 aeque
436 1199 532 1274 licet.
583 1200 766 1297 Injustitia
791 1199 938 1295 quidem
956 1211 1035 1273 erat
1051 1200 1160 1273 officii

123 1310 272 1385 violatio
283 1313 426 1408 prima;
453 1314 517 1386 sed
530 1314 630 1411 quod
647 1339 748 1388 arma
764 1325 890 1411 postea
907 1314 956 1387 ad
975 1338 1013 1387 se
1033 1313 1159 1387 defen-

125 1423 266 1500 dendos
283 1429 670 1524 sumpserint,[crimen
680 1453 816 1501 novum
832 1452 907 1501 non
922 1438 988 1501 est.
1040 1428 1159 1501 Excu-

125 1539 218 1614 satio
246 1553 370 1614 autem
398 1540 700 1635 suijdefensionis
725 1542 848 1615 oblata
872 1542 980 1615 venia
995 1540 1157 1624 tollitur;

124 1654 288 1750 facitque
300 1666 355 1746 nt,
373 1656 404 1728 si
422 1656 589 1730 assistere
605 1657 749 1730 caeteris
771 1666 1014 1753 perseverent,
1033 1655 1160 1752 injusti

125 1766 212 1841 sint.

176 1882 333 1979 Reliqua
343 1883 476 1957 civium
486 1885 635 1958 libertas
645 1884 991 1981 dependetalegum
1002 1883 1158 1957 silentio.

127 1996 202 2070 Ubi
215 1997 313 2069 enim
329 2021 405 2070 uon
416 1998 542 2072 definit
552 1998 623 2088 lex,
633 1998 831 2092 unicuique
840 1996 997 2072 faciendi
1010 1996 1068 2068 vel
1084 2020 1160 2069 non

123 2110 286 2184 faciendi
297 2111 445 2185 libertas
461 2122 540 2196 est;
559 2135 673 2208 eaque
683 2135 749 2207 pro
763 2111 913 2184 arbitrio
931 2134 1082 2184 summae
1095 2134 1160 2206 po-

123 2224 270 2298 testatis
289 2225 483 2322 aliquando
507 2229 635 2321 major,
654 2226 848 2323 aliquando
866 2226 985 2298 minor
1002 2235 1068 2298 est.
1121 2224 1160 2298 Si

125 2336 226 2410 inter
240 2337 356 2411 civem
373 2350 411 2412 et
428 2362 511 2412 eum
529 2340 592 2436 qui
609 2363 787 2413 summam
802 2339 913 2413 habet
929 2349 1159 2435 potestatem,

125 2451 376 2524 controversia
393 2451 441 2525 sit
459 2452 599 2549 dejure
617 2477 724 2548 agros
740 2453 799 2526 vel
818 2452 916 2525 bona
938 2452 1159 2548 possidendi,

125 2563 186 2637 vel
199 2564 245 2637 de
262 2563 387 2638 debita
398 2566 554 2662 pecunia
569 2566 628 2639 vel
645 2591 768 2663 opera,
779 2567 837 2639 vel
848 2567 893 2640 de
906 2591 1015 2663 poena
1032 2591 1159 2664 corpo-

125 2702 191 2751 rea
215 2678 273 2752 vel
289 2680 510 2775 pecuniaria,
529 2705 609 2776 quae
637 2680 674 2753 in
692 2680 772 2776 lege
789 2680 911 2776 aliqua
927 2681 1160 2777 praecedente

124 2791 282 2866 fundata
294 2792 354 2882 sit,
372 2793 520 2866 libertas
530 2793 601 2866 civi
614 2778 694 2889 iege
715 2792 849 2889 agendi
867 2804 923 2866 est
935 2807 1063 2867 contra
1076 2818 1159 2866 eum

124 2905 192 3002 qni
205 2930 384 2978 summam
393 2906 504 2980 habet
513 2918 746 3002 potestatem,
754 2907 881 2979 eadem
892 2906 1160 3003 quamhaberet

124 3030 258 3092 contra
274 3020 462 3094 concivem
477 3053 487 3105 ;
514 3021 774 3094 controversiae
791 3032 914 3093 autem
931 3021 1027 3093 illins
1045 3020 1160 3117 judex

124 3131 199 3206 erit
223 3133 266 3223 is,
284 3133 345 3228 qui
364 3157 544 3206 summam
561 3134 670 3208 habet
690 3146 921 3231 potestatem.
974 3133 1158 3209 Quoniam

125 3245 238 3336 enim,
256 3247 318 3342 qui
335 3270 514 3320 summam
530 3247 641 3321 habet
657 3259 890 3343 potestatem,
913 3247 1050 3320 virtute
1067 3248 1160 3342 petit

124 3358 219 3455 legis
234 3358 486 3455 praecedentis
516 3385 591 3434 non
614 3361 751 3435 virtue
779 3362 971 3457 potestatis
996 3385 1159 3450 summae,

124 3495 204 3545 non
229 3473 385 3569 amplius
413 3484 538 3569 petere
566 3474 659 3547 velle
686 3474 902 3570 intelligitur
925 3499 1035 3570 quam
1062 3474 1160 3569 quod

126 3583 208 3681 lege
224 3585 288 3658 illa
304 3585 467 3659 debitum
486 3609 563 3658 esse
580 3586 781 3682 apparebit.
832 3586 934 3659 Nihil
956 3610 1043 3681 ergo
1070 3585 1160 3658 facit

125 3698 340 3795 civis,aqu0
351 3699 499 3794 petitur,
512 3709 640 3772 contra
649 3700 876 3772 voluntatem
888 3702 965 3797 ejus
976 3700 1039 3796 qui
1049 3698 1160 3771 habet

125 3836 306 3885 summam
320 3822 550 3909 potestatem.
604 3812 677 3885 Sed
694 3812 735 3901 si,
754 3813 817 3909 qui
842 3813 953 3885 habet
980 3835 1160 3885 summam

126 3937 359 4022 potestatem,
377 3926 513 3998 virtute
541 3927 734 4020 potestatis
761 3939 914 4022 peteret,
936 3949 1045 4022 agere
1072 3949 1160 3998 cou-

127 4052 187 4113 tra
204 4039 308 4113 illum
335 4039 415 4133 lege
443 4038 532 4111 civis
561 4062 636 4110 non
663 4051 796 4135 potest.
848 4037 1034 4135 Quicquid
1062 4038 1160 4111 enim

125 4152 262 4227 virtute
289 4153 482 4248 potestatis
509 4176 659 4226 summae
688 4153 792 4248 petit,
820 4151 1041 4224 authoritate
1067 4152 1160 4247 petit

128 4266 241 4363 ipsius
269 4266 370 4355 civis,
388 4278 425 4339 et
451 4267 616 4362 proinde,
635 4266 697 4362 qui
719 4265 797 4362 agit
820 4277 948 4340 contra
978 4288 1159 4340 summam

124 4391 361 4477 potestatem,
379 4391 508 4454 contra
525 4381 682 4476 seipsum
700 4381 788 4475 agit.
