2926 4980
12 538 77 587 2.st
91 539 166 588 xlv.

12 619 152 654 ..γ-ι

12 681 168 800 tute*
91 760 168 790 a„

12 809 97 861 utnon
106 816 129 853 at
141 811 169 855 ὼ

12 876 135 920 mutibus

72 4346 151 4694 l

198 325 266 390 106
582 339 636 391 nn
656 339 841 392 nostran.

193 515 319 578 autem
341 505 486 600 prolata
502 529 582 580 esse
603 508 650 581 de
672 521 840 605 tempore
856 521 1040 605 praesente
1063 509 1123 582 vel
1140 532 1235 606 prae-

153 618 316 707 terite,
342 631 386 690 ut
404 619 464 707 do,
483 619 584 708 dedi,
602 621 775 710 amirado,
794 621 970 696 concessi.
1024 622 1167 695 Nam
1139 646 1171 695 sr
1188 624 1234 696 de

193 730 320 804 futuro
337 744 435 821 sunt,
452 743 496 805 ut
522 732 632 823 dabo,
650 734 859 824 concedam,
876 735 1068 808 continent
1084 736 1233 831 quidem

193 845 463 918 transferendi
450 846 544 942 Juris
559 848 851 943 promissionem,
868 849 933 922 sed
948 848 1112 922 nondum
1130 851 1233 946 quic-

193 980 303 1053 quam
319 957 557 1031 transierunt.

242 1070 506 1144 Contractus
479 1095 594 1168 srgna,
611 1096 678 1167 per
695 1095 921 1169 consequens
937 1074 1124 1147 interdum
1143 1088 1231 1150 sunt

191 1186 464 1280 oonsequentiae
498 1186 704 1275 verborum,
739 1186 924 1259 interdum
957 1189 1229 1285 consequentiae

191 1297 336 1386 silentii,
348 1299 533 1373 interdum
547 1301 820 1395 consequentiae
832 1301 1031 1389 actionum,
1042 1301 1229 1374 interdurn

190 1410 302 1484 etiam
333 1412 605 1508 consequentiae
639 1413 888 1487 omissionum.
941 1414 985 1486 In
1017 1414 1229 1487 universum

188 1535 311 1598 autem
328 1525 473 1620 signum
491 1536 702 1598 contractus
717 1550 785 1623 per
802 1549 1040 1622 consequens,
1055 1539 1112 1600 est
1125 1528 1228 1623 quic-

188 1637 278 1733 quid
312 1638 562 1711 contrahentis
595 1638 826 1713 voluntatem
860 1640 1102 1714 contrahendi
1136 1640 1226 1714 satis

186 1750 337 1823 iudicat.

235 1864 358 1936 Verba
374 1863 463 1951 sola,
482 1863 513 1936 si
531 1862 577 1935 de
592 1862 719 1937 futuro
737 1876 835 1953 sunt,
853 1865 1062 1940 donationis
1079 1865 1226 1962 signnm

185 1976 357 2050 idoneum
374 2002 450 2050 non
477 1986 573 2050 sunt.
624 1976 722 2050 Nam
746 1979 861 2053 verba
888 1979 981 2068 haec,
1000 2002 1089 2051 oros
1115 1978 1225 2064 dabo,

185 2088 395 2185 significant
410 2090 575 2163 nondum
588 2091 745 2182 dedisse,
764 2108 802 2165 et
817 2092 973 2189 proinde
982 2094 1043 2189 jus
1061 2091 1225 2166 nondum

184 2204 402 2278 translatum
420 2228 509 2293 esse,
527 2204 593 2277 sed
618 2228 778 2277 manere.
831 2204 896 2278 Sin
914 2205 959 2278 de
976 2205 1150 2301 praesenti
1165 2206 1225 2279 vel

182 2318 371 2411 praeterito
389 2318 474 2406 sint,
492 2330 535 2391 ut
549 2319 596 2391 do
613 2319 672 2391 vel
686 2319 775 2392 dedi
791 2319 998 2392 habendam
1016 2342 1117 2408 erae,
1134 2332 1223 2393 tunc

179 2430 239 2526 jus
257 2431 457 2504 crastinum
474 2443 574 2504 recte
591 2431 825 2517 transfertur,
838 2432 949 2529 idque
966 2431 1003 2504 vi
1015 2433 1221 2521 verborum,

183 2544 252 2617 etsi
281 2544 482 2618 voluntatis
515 2545 660 2641 signum
689 2545 790 2617 aliud
815 2545 956 2618 nullum
974 2545 1032 2617 sit.
1085 2546 1223 2641 Magna

182 2658 279 2730 enim
298 2659 505 2732 differentia
520 2671 576 2731 est
593 2658 689 2731 iuter
711 2659 793 2731 aolo
820 2659 888 2731 hoe
906 2668 1006 2731 ticum
1022 2681 1104 2730 ease
1122 2683 1221 2749 cros,

182 2784 220 2844 et
237 2797 326 2844 cras
344 2772 415 2845 tibi
432 2773 501 2845 hoo
519 2772 628 2845 daho.
681 2773 779 2845 Nam
796 2773 871 2845 illie
890 2772 983 2859 eolo,
1002 2785 1221 2868 praesentem

182 2898 220 2957 et
247 2897 385 2958 certam
415 2886 662 2966 voluntatem
689 2885 750 2958 hia
778 2885 953 2974 futuram,
971 2884 1009 2956 id
1028 2897 1084 2958 est
1102 2885 1221 2959 incer-

179 3009 267 3087 tam,
292 2998 330 3070 id
360 3010 417 3071 est
442 2999 591 3089 nullam,
618 2999 780 3084 indicat;
807 3000 894 3096 quia
918 2999 1118 3072 voluntatis
1144 3022 1219 3071 suae

179 3111 348 3184 erastinae
379 3112 548 3185 dominus
581 3137 689 3186 nemo
725 3127 791 3186 est.
845 3112 924 3186 Illic
958 3136 1046 3208 ergo
1077 3113 1138 3207 jus
1172 3110 1219 3183 de

178 3238 359 3320 praesente
374 3225 482 3298 debet
499 3226 667 3322 intelligi.

228 3338 457 3428 Athlotheta,
481 3340 519 3412 in
537 3340 736 3412 certamine
762 3361 902 3426 cursuS,
918 3337 1146 3432 pervenienti
1170 3336 1219 3408 ad

176 3463 312 3525 metam
324 3453 444 3549 primo
461 3453 652 3550 praemium
669 3450 854 3548 promittit
870 3449 991 3522 verbis
1005 3449 1051 3522 de
1067 3449 1192 3522 futuro
1206 3484 1215 3534 ;

176 3566 340 3639 debitum
359 3579 483 3640 tamen
501 3568 553 3639 illi
570 3567 762 3663 praemium
779 3576 848 3648 est,
864 3587 1086 3660 quamquam
1102 3563 1216 3659 gratis

175 3680 314 3770 datum,
339 3682 436 3777 quia,
454 3682 524 3754 nisi
551 3681 591 3754 id
619 3680 794 3753 voluisset
821 3678 1037 3767 athlotheta,
1055 3677 1138 3749 illos
1168 3676 1216 3749 ad

174 3806 361 3868 certamen
379 3819 453 3867 non
470 3795 672 3868 invitasset.

223 3909 267 3980 ln
286 3909 535 3982 contractibus
561 3909 672 3981 etiam
694 3909 756 4003 jus
781 3904 915 3978 transit
943 3928 1009 4000 per
1026 3904 1138 3976 verba
1169 3903 1215 3976 de

171 4020 308 4112 futuro,
327 4046 458 4118 nempe
477 4022 540 4094 ubi
557 4020 748 4094 translatio
763 4018 856 4114 juris
874 4029 1003 4090 mutua
1021 4030 1087 4090 est.
1116 4016 1214 4089 Nam

172 4134 233 4228 qui
250 4136 429 4230 promisit,
446 4134 530 4207 ideo
547 4134 746 4207 transferre
767 4134 828 4228 jus
846 4155 953 4204 suum
969 4131 1061 4204 velle
1078 4128 1213 4201 intelli-

168 4246 279 4342 gitur,
298 4249 384 4344 quia
399 4250 549 4336 bonum,
567 4260 717 4342 propter
735 4245 835 4341 quod
863 4243 1043 4340 promisit,
1056 4244 1133 4339 jam
1150 4264 1211 4314 ac-
