2926 4980
393 379 448 431 on
468 378 662 431 cwmxrn
683 378 952 431 cnursrmux.
1121 359 1194 442 373

150 572 210 620 mo
237 547 445 643 imperanti,
471 547 616 642 quoties
642 546 805 643 jusserit,
832 548 914 644 lege
940 555 1083 619 naturae
1101 545 1193 619 obli·
1217 578 1393 630 cmm

149 672 307 759 gantnr;
334 684 454 757 neque
472 660 574 733 illum
587 685 610 732 a
626 660 708 733 loeo
724 683 943 756 quocunque
957 657 1112 732 dominii
1124 658 1192 748 sui,
1230 661 1381 776 m

110 792 135 825 ⁴
150 776 226 848 sive
251 774 444 871 prophano
470 775 546 847 sive
572 798 689 860 sacro,
706 773 901 870 prohibere
915 775 998 868 jure
1015 781 1191 869 possunt3
1230 746 1384 842 affinia

150 912 269 984 neque
288 888 387 960 exire
405 912 449 960 ex
467 889 546 983 ejus
564 888 727 961 dominio
745 887 879 960 civium
896 887 1104 983 quisquam,
1121 886 1195 960 nisi

149 1002 212 1074 illo
229 1003 478 1097 permittente,
494 1001 625 1075 debet:
644 1003 761 1075 multo
778 1001 900 1075 minus
915 1025 1000 1074 cum
1014 1000 1091 1090 illo,
1105 999 1136 1072 si
1147 999 1195 1072 ad

150 1127 295 1189 tantum
313 1117 492 1188 honorem
519 1127 731 1204 evocentur,
758 1115 881 1187 cibum
899 1138 974 1188 una
991 1134 1122 1208 capere
1136 1135 1195 1184 re-

151 1253 290 1302 cusare.
344 1228 455 1303 Quod
477 1240 601 1302 autern
622 1229 671 1302 ad
688 1253 804 1324 regeS,
823 1227 987 1324 aliosque
1011 1250 1192 1301 summam

150 1342 327 1415 habentes
339 1354 573 1437 potestatem,
585 1341 735 1425 attinet;
754 1365 839 1414 cum
850 1364 926 1413 non
938 1340 1015 1413 sint
1027 1337 1195 1434 ejusdem

69 1548 71 1565 Ι
152 1456 328 1544 ecclesiae,
347 1480 415 1529 nec
426 1456 589 1550 ejusdem
603 1455 764 1528 civitatis
777 1468 914 1551 partes
932 1477 1008 1526 non
1026 1476 1118 1548 opus
1137 1464 1194 1525 est

150 1569 334 1642 sententia
351 1569 752 1658 excommunicationis,
765 1579 807 1640 ut
825 1568 919 1641 alter
936 1567 1088 1640 alterius
1107 1590 1195 1639 con-

151 1707 317 1779 gressum
334 1682 437 1756 vitet.
490 1684 575 1779 Ipsa
599 1683 697 1756 enim
712 1682 870 1756 civitatis
884 1681 1082 1769 institutio,
1101 1680 1197 1753 sicut

151 1795 318 1868 homines
344 1795 504 1891 privatos
535 1797 574 1869 in
601 1820 675 1868 una
700 1795 961 1868 communitate
988 1793 1194 1890 conjungit,

151 1908 204 1982 ita
220 1910 501 1982 communitates
519 1910 617 2005 ipsas
634 1910 788 1984 aiteram
805 1910 852 1982 ab
870 1909 987 1982 altera
1004 1908 1194 2004 disjungit.

153 2021 282 2118 Neque
310 2022 348 2093 in
377 2022 493 2093 civem
525 2022 786 2110 Christianum,
804 2022 835 2095 si
860 2021 1003 2118 legibus
1034 2020 1195 2094 civitatis

153 2158 228 2207 suae
245 2134 405 2223 obediat,
422 2135 497 2206 vim
514 2135 627 2207 ullam
647 2134 771 2207 habet.
824 2133 921 2207 Nam
938 2134 970 2207 si
988 2131 1116 2206 credat
1132 2130 1197 2204 Je-

151 2271 230 2321 aum
248 2273 331 2321 erae
360 2247 560 2338 Christum,
588 2247 765 2345 spiritum
792 2246 906 2320 habet
932 2247 1022 2336 Dei,
1056 2247 1090 2341 (1
1109 2245 1194 2319 Joh.

152 2386 185 2434 v.
210 2363 271 2457 l):
312 2371 351 2434 et
378 2362 484 2434 Deua
516 2361 554 2433 in
582 2360 649 2433 illo
677 2360 838 2449 habitat,
866 2370 904 2433 et
935 2359 1002 2433 itte
1030 2359 1069 2432 in
1098 2358 1195 2448 Deo,

152 2475 181 2566 (Ι
202 2475 287 2548 Joh.
306 2485 342 2563 4,
365 2475 440 2569 15).
493 2474 567 2547 Sed
591 2474 634 2564 is,
654 2473 718 2571 qui
736 2473 911 2570 spiritum
928 2472 1042 2547 tabet
1058 2472 1148 2561 Dei,
1165 2471 1197 2546 is

153 2588 218 2686 qui
236 2588 272 2660 in
290 2589 373 2661 Deo
391 2587 552 2677 habitat,
570 2587 601 2660 is
622 2587 661 2659 in
690 2611 762 2684 quo
792 2586 943 2660 habitat
965 2587 1087 2675 Deua,
1105 2585 1198 2659 nihil

153 2701 230 2798 pati
254 2711 377 2796 potest
408 2700 494 2773 mali
519 2701 565 2773 ab
600 2700 1042 2772 excommunicationibus
1077 2699 1196 2773 homi-

152 2837 254 2886 num.
283 2812 502 2908 Quicunque
516 2836 604 2908 ergo
616 2812 734 2885 credit
746 2810 873 2885 lerum
890 2838 974 2886 eoae
994 2811 1195 2901 Christum,

154 2926 328 2999 damnum
371 2926 417 2999 ab
460 2926 838 2999 excommunicatione
884 2926 1027 2998 nullum
1069 2925 1194 2997 habet.

155 3042 326 3116 Quivero
341 3039 536 3113 articulum
549 3039 651 3113 illum
669 3064 743 3112 non
762 3039 892 3127 credit,
910 3048 1057 3111 nonest
1074 3038 1197 3111 Chris-

155 3155 288 3228 tianus.

205 3268 340 3363 Siquis
365 3282 508 3363 patrem
534 3267 593 3339 vel
620 3279 776 3339 matrem
793 3266 929 3338 habeat
946 3263 1197 3337 excommuni-

154 3393 291 3469 catum,
304 3406 327 3453 a
337 3404 535 3475 congressu
555 3391 594 3453 et
610 3379 783 3452 convictu
795 3402 879 3451 cum
890 3378 953 3450 illo
965 3376 1023 3449 vel
1038 3377 1101 3449 illa
1111 3400 1195 3473 pro-

153 3495 271 3568 hiberi
292 3519 368 3567 non
393 3504 527 3589 potest.
578 3494 685 3565 Esset
711 3492 808 3565 enim
835 3489 1045 3587 hujusmodi
1073 3490 1198 3586 prohi-

154 3610 246 3682 bitio
271 3631 522 3704 saepenumero
548 3607 812 3704 prohibitione
830 3605 952 3678 cibum
970 3605 1119 3678 omnino
1137 3628 1198 3676 su-

154 3734 284 3810 meret,
296 3734 339 3794 ut
351 3721 414 3817 qui
424 3721 669 3817 aparentibus
683 3720 900 3816 plerumque
914 3719 1025 3791 alitur
1040 3747 1049 3790 ε
1069 3716 1197 3791 eadem

155 3847 250 3909 esset
279 3834 479 3932 prohibitio
512 3834 725 3930 parentibus
750 3844 788 3905 et
819 3832 977 3905 dominis
1010 3831 1085 3904 suis
1111 3831 1198 3903 ohe-

156 3950 303 4032 diendi;
332 3948 430 4046 quod
449 3960 505 4021 est
522 3960 651 4021 contra
664 3958 891 4043 praeceptum
908 3944 1172 4041 apostolorum.

207 4061 437 4149 Summatim,
457 4060 845 4134 excommunicationis
869 4071 1032 4155 potestas
1050 4054 1199 4130 extendi

156 4176 308 4249 ulterius
326 4199 399 4247 non
414 4186 547 4271 potest,
566 4173 738 4269 quemad
755 4175 866 4245 finem
884 4172 923 4244 in
949 4170 1200 4267 apostolorum

157 4299 195 4363 et
211 4301 401 4386 pastorum
419 4286 598 4360 aChristo
609 4287 770 4382 acceptis
789 4285 973 4360 mandatis
994 4284 1198 4358 definitum.

1315 4568 1431 4710 ¹.
