2926 4980
515 368 569 423 nn
588 371 769 422 nonius.
1099 356 1168 421 113

121 534 235 608 ullum
249 537 319 609 sibi
337 538 487 628 malum,
501 539 567 612 sed
579 560 762 611 summum
774 539 914 612 bonum
930 537 1165 634 sequeretur?
1206 572 1284 621 erp,
1296 569 1355 621 xv,

122 647 162 721 si
178 660 312 723 eontra
326 652 511 725 rationem
526 676 601 726 non
619 665 687 742 est,
707 653 890 748 quomodo
909 664 1038 725 contra
1058 653 1167 747 justi·
1211 653 1355 771 Μ

120 763 213 835 tiam
229 778 288 836 est
300 763 337 835 :³⁹
390 767 440 839 At
457 766 666 862 hujusmodi
677 767 958 840 ratiocinatione
972 777 1094 839 ortum
1111 777 1167 837 est
1209 778 1358 824 mturaeuli'e

121 877 223 949 utab
235 877 417 973 aliquibus
433 879 573 953 scelera
589 903 766 977 prospera
776 880 930 953 virtutes
948 880 1167 952 existimata

122 989 221 1073 sint;
246 1001 361 1085 utque
378 991 482 1081 fides,
500 993 680 1089 regnandi
706 992 835 1066 saltem
858 1017 978 1081 causa,
998 991 1168 1066 violanda

122 1114 230 1176 esset.
257 1104 506 1179 crediderumt
515 1107 654 1180 ethnici
662 1106 863 1179 Saturnum
874 1107 967 1180 coelo
978 1106 1169 1202 expulsum

122 1217 248 1291 aJove
258 1219 419 1313 esse‚qui
428 1220 560 1293 Jovem
571 1232 695 1294 tamen
706 1219 896 1314 injustitiae
906 1220 1064 1292 ultorem
1075 1219 1169 1291 exis-

122 1330 361 1403 timavenmt:
376 1332 488 1404 etiam
495 1331 825 1429 jurisprudentium
836 1344 1046 1405 nostrorum
1057 1332 1170 1427 aliqui

122 1442 308 1516 haeredem
325 1444 444 1540 regni,
463 1444 533 1517 etsi
549 1443 718 1540 proditor
736 1443 795 1532 sit,
810 1443 936 1516 statim
953 1469 998 1517 ac
1015 1445 1170 1516 moritur

123 1557 250 1647 rex,in
263 1581 420 1654 regnum
433 1558 629 1632 succedere
641 1557 786 1630 debere.
840 1557 1094 1653 “Hujusmodi
1111 1558 1168 1631 fa-

123 1671 251 1745 cinora
275 1695 496 1768 quocunque
516 1671 665 1746 nomine
691 1670 875 1768 appellata
901 1684 1032 1744 contra
1055 1674 1170 1744 ratio-

123 1807 219 1868 nem,
232 1784 367 1881 inquit,
380 1808 455 1857 non
469 1795 576 1869 sunt;
592 1784 679 1880 quia
689 1807 816 1856 omnes
830 1785 993 1857 omnium
1007 1786 1169 1858 actiones

124 1899 339 1972 voluntariae
365 1899 523 1972 tendunt
548 1897 764 1971 naturaliter
790 1897 838 1969 ad
863 1898 1001 1970 bonum
1023 1899 1170 1971 sibimet

123 2012 221 2108 ipsis,
246 2027 285 2086 et
310 2013 469 2085 maxime
491 2011 690 2085 rationales
716 2023 812 2100 sunt,
831 2035 913 2106 quae
939 2035 983 2085 eo
1009 2014 1166 2085 maxime

124 2126 314 2199 tendunt.''
340 2127 606 2199 Verumtamen
620 2124 853 2197 ratiocinatio
868 2125 958 2214 haec‚
977 2137 1165 2222 utcunque

124 2240 297 2336 speciosa,
316 2239 411 2313 falsa
428 2251 495 2313 est.

174 2353 340 2428 Quaestio
353 2353 452 2427 enim
462 2365 606 2427 nonest
618 2353 664 2425 de
676 2352 865 2448 promissis
880 2354 1015 2425 mutuis
1028 2353 1067 2424 in
1079 2377 1168 2424 con-

125 2466 260 2540 ditione
292 2467 484 2541 hominum
508 2466 679 2555 naturali,
704 2466 768 2539 ubi
789 2464 891 2538 nulla
918 2479 974 2538 est
999 2467 1169 2561 potentia

125 2606 280 2677 cogens3
307 2605 395 2654 nam
423 2582 475 2655 sic
502 2581 682 2678 promissa
708 2579 771 2651 illa
799 2590 907 2674 pacta
932 2604 1007 2652 non
1034 2591 1166 2651 essent.

126 2694 197 2767 Sed
221 2696 405 2768 existente
428 2695 596 2791 potentia
622 2717 703 2790 quae
726 2704 847 2789 cogat,
865 2703 902 2765 et
916 2693 946 2765 si
963 2693 1057 2765 alter
1081 2716 1167 2788 pro-

124 2808 272 2881 missum
289 2809 518 2904 praestiterit,
533 2808 584 2880 ibi
603 2806 757 2903 quaestio
775 2818 843 2893 est,
857 2829 904 2877 an
923 2805 966 2894 is,
981 2806 1044 2900 qui
1060 2805 1166 2894 fallit,

125 2946 205 2995 cum
233 2922 378 2995 ratione
403 2921 511 2994 etad
537 2921 676 2993 bonum
706 2918 895 3015 proprium
922 2931 1168 3014 congruenter

123 3033 235 3107 fallat.
288 3035 368 3130 Ego
385 3058 472 3107 vero
494 3045 624 3106 contra
649 3033 840 3121 rationem,
859 3044 898 3104 et
914 3032 1168 3129 imprudenter

123 3147 242 3219 facere
272 3145 365 3220 dico.
430 3147 551 3219 Primo
581 3146 744 3219 enimin
775 3144 935 3233 civitate,
963 3146 994 3216 si
1021 3148 1102 3241 quis
1130 3147 1168 3218 id

124 3258 246 3347 faciat,
265 3259 376 3354 quod,
395 3272 573 3356 quantum
594 3258 754 3356 prospici
780 3271 818 3331 et
843 3259 987 3331 ratione
1012 3259 1168 3355 intelligi

124 3384 257 3467 potest,
277 3372 325 3444 ad
341 3397 445 3445 suam
463 3373 576 3469 ipsius
596 3371 718 3445 tendit
735 3369 1033 3461 destructionem,
1052 3397 1167 3467 quan-

126 3507 233 3579 quam
263 3485 502 3582 improvisum
524 3484 674 3580 aliquod
701 3485 845 3557 accidat
872 3485 971 3581 quod
995 3499 1167 3558 eventum

125 3597 268 3671 felicem
291 3599 435 3688 efficiat,
459 3599 601 3671 factum
625 3597 861 3670 nihilomiuus
888 3599 999 3671 fuisse
1029 3600 1167 3696 impru-

126 3710 264 3800 denter,
276 3711 362 3807 quia
377 3711 627 3807 improvisum.
680 3711 720 3782 In
741 3711 949 3784 conditione
966 3725 1089 3785 autem
1103 3739 1168 3786 na-

125 3827 245 3914 turali,
272 3826 336 3898 ubi
362 3826 613 3922 unusquisque
645 3824 929 3921 uuiuscujusque
958 3826 1072 3899 hostis
1100 3839 1166 3914 est,

125 3939 202 4011 sine
221 3964 288 4035 ope
301 3941 485 4012 sociorum
498 3963 625 4012 secure
639 3938 761 4010 vivere
774 3962 882 4011 nemo
899 3951 1035 4034 potest.
1089 3942 1167 4013 Ho-

125 4051 260 4124 minem
277 4063 412 4140 autem,
431 4052 493 4147 qui
512 4065 622 4148 pacta
641 4051 767 4124 fallere
784 4051 936 4125 rationis
954 4075 1033 4123 esse
1050 4065 1166 4147 putat,

125 4164 162 4236 in
180 4165 405 4254 societatem,
417 4190 500 4262 quae
518 4166 655 4238 mutuis
667 4166 784 4260 pactis
797 4165 845 4236 ad
861 4164 1087 4259 singulorum
1105 4166 1168 4239 de·

124 4277 329 4351 sensionem
351 4277 477 4369 initur,
496 4279 577 4374 quis
599 4278 666 4350 nisi
691 4301 757 4373 per
780 4277 962 4349 inscitiam
985 4277 1167 4368 admittet,

225 4414 318 4465 von.
334 4414 398 4464 111.
1052 4415 1065 4465 1
