2926 4980
528 333 582 386 nu
603 332 787 386 nonina.
1132 322 1176 386 31

119 503 301 576 similiter
316 503 468 599 placent
490 527 551 577 res
577 504 729 591 eaedem,
746 528 868 601 neque
894 504 1015 577 eidem
1039 503 1181 577 homini

122 616 233 690 idem
262 619 363 691 omni
392 628 572 714 tempore,
605 618 849 692 inconstantis
881 630 968 691 sunt
998 617 1183 714 siguifica-

122 731 257 803 tionis,
309 731 406 804 Cum
440 732 540 804 euim
574 732 726 805 nomina
752 734 876 805 omnia
904 732 953 804 ad
983 741 1183 826 conceptus

124 843 394 938 significandos
426 845 602 940 imposita
634 846 785 933 fuerint,
820 870 970 918 neeesse
1004 856 1063 917 est
1097 868 1183 916 cum

127 957 280 1029 easdem
307 981 367 1030 res
397 982 473 1030 nou
507 959 676 1033 similiter
710 959 926 1048 sentiamus
956 972 1000 1031 ut
1035 956 1182 1031 easdem

128 1071 244 1142 ctiam
271 1093 525 1166 saepenumero
552 1071 778 1144 dissimiliter
807 1073 1052 1145 nominemus.
1103 1070 1183 1144 Etsi

130 1183 185 1255 rei
203 1194 397 1278 conceptae
414 1196 549 1256 natura
565 1208 641 1256 nou
658 1195 835 1273 mutetur,
851 1184 1044 1257 diversitas
1058 1196 1183 1256 tamen

129 1295 367 1391 receptionis,
398 1305 481 1370 orta
506 1320 529 1369 a
554 1296 765 1370 diversitate
803 1308 1020 1370 naturarum
1050 1295 1182 1369 indivi-

129 1409 291 1481 duarum
309 1419 347 1481 et
371 1433 394 1481 a
413 1409 637 1505 praejudiciis
658 1410 887 1505 opinionum,
905 1410 996 1482 facit
1011 1420 1054 1481 ut
1071 1432 1183 1481 unus-

128 1523 289 1618 quisque
303 1523 454 1595 nomina
467 1522 539 1596 illis
556 1524 721 1619 imponat
735 1523 886 1619 propria
902 1540 969 1596 sua
986 1521 1183 1595 affectione

129 1636 366 1731 aliquatenus
393 1635 523 1709 tincta.
576 1636 829 1711 Quamobrem
856 1636 894 1708 in
917 1634 1019 1709 omni
1035 1633 1184 1707 ratioci-

131 1750 286 1822 natione
304 1748 447 1821 cautela
465 1773 557 1844 opus
575 1762 642 1839 cst,
658 1774 704 1821 ue
722 1759 858 1845 praeter
875 1748 1184 1844 significationem

131 1862 248 1958 ipsius
265 1861 320 1933 rei
345 1860 583 1933 admittamus
608 1861 719 1934 etiam
737 1861 877 1957 aliquid
900 1860 947 1932 de
963 1870 1108 1949 natura,
1126 1860 1183 1932 in-

130 1976 257 2071 genio,
276 1987 314 2047 et
330 1975 525 2047 affectibus
540 1975 701 2047 hominis
719 1974 782 2069 qui
795 1974 969 2070 loquitur.
1022 1971 1184 2045 Nomina

131 2102 259 2162 autem
299 2086 513 2182 hujusmodi
551 2088 766 2184 plerumque
805 2099 892 2160 sunt
925 2086 1104 2160 virtutum
1145 2099 1183 2159 et

131 2205 310 2278 vitiorum
335 2202 498 2275 uomina.
551 2203 648 2274 Nam
677 2225 788 2297 quam
814 2201 906 2273 alius
925 2199 1181 2298 prudentiam,

132 2318 227 2390 alius
245 2328 356 2391 vocat
372 2325 530 2399 aretum
556 2339 667 2408 quam
684 2315 776 2387 alius
794 2313 1071 2401 crudelitatem,
1089 2313 1183 2384 alius

132 2441 243 2503 vocat
259 2428 483 2525 justitiam
509 2452 619 2523 quam
637 2429 697 2501 hic
712 2426 939 2526 proluvium,
957 2426 1019 2498 ille
1035 2425 1183 2523 mogui-

120 2543 322 2637 ficentiam
336 2541 497 2637 appellat
511 2572 521 2626 ;
549 2566 631 2637 quae
648 2541 734 2613 huic
749 2540 943 2639 gravitas,
961 2539 1067 2612 alteri
1084 2539 1185 2610 vide-

135 2669 196 2726 tur
217 2664 367 2753 stupor,
389 2666 461 2727 etc.
514 2655 643 2752 Itaque
670 2679 716 2727 ex
741 2653 952 2749 hujusmodi
974 2653 1184 2725 nominibus

134 2768 318 2865 principia
334 2767 580 2841 ratiocinandi
604 2768 778 2842 constitui
797 2792 872 2840 non
889 2776 1056 2864 possunt.
1109 2766 1184 2839 Ne-

1221 534 1301 582 CAP.
1315 533 1348 581 lv

1222 617 1348 649 »Ὗ-

1218 685 1253 729 De
1262 698 1348 730 sermm

135 2906 205 2977 que
223 2905 270 2953 ex
291 2880 530 2976 metaphoris,
551 2881 704 2977 aliisque
729 2880 906 2953 orationis
928 2880 1057 2977 tropis,
1110 2881 1184 2953 Sed
1225 2899 1231 2911 ·

135 2996 256 3067 miuus
292 3006 381 3066 sunt
412 2993 494 3068 haec
527 2996 746 3092 periculosa,
778 2994 866 3090 quia
898 2994 1183 3068 inconstantiam

134 3133 241 3180 suam
258 3107 495 3202 profitentur.

559 3339 752 3349 -——-——

544 3519 707 3618 curor
731 3522 776 3592 u.

406 3718 453 3767 DE
480 3718 638 3767 RATIONE
665 3719 712 3768 ΕΤ
738 3720 913 3769 SCIENTIA.

139 3845 224 3918 Qui
244 3844 510 3933 ratiocinatur,
528 3846 586 3918 vel
604 3857 723 3919 totum
743 3848 875 3942 quaerit
894 3847 1082 3921 additione
1100 3874 1184 3946 par-

139 3958 232 4028 tium
246 3989 255 4039 ;
284 3959 338 4030 vel
355 3959 553 4047 residuum,
569 3960 820 4033 subtractione
834 3961 950 4057 partis
965 3974 1104 4057 aparte
1118 3992 1125 4034 :
1145 3963 1184 4036 id

143 4068 252 4165 quod,
271 4070 301 4141 si
318 4071 439 4143 verbis
456 4073 531 4160 fiat,
549 4072 641 4145 nihil
667 4074 766 4146 aliud
791 4087 857 4162 cst,
876 4088 1009 4170 praeter
1027 4100 1184 4173 concep-

142 4183 279 4255 tionem
314 4185 585 4278 consequentiae
621 4187 781 4285 uom'qris
818 4188 934 4282 partis
969 4190 1016 4264 ad
1050 4215 1184 4263 nomen
