2926 4980
373 402 426 453 on
447 402 641 454 crvrrnru
662 401 930 454 cnnrsrmuu.
1093 383 1166 462 287

120 568 176 655 fit,
208 566 490 656 consideremus,
521 567 760 655 inveniemus
788 568 1004 664 plerumque
1031 566 1062 639 si
1092 590 1167 639 non
1181 603 1379 654 cmm,

122 704 277 775 semper,
296 704 363 777 per
386 680 559 778 angelum
585 680 705 753 ideam
731 681 891 776 aliquam
917 681 956 753 in
973 680 1168 776 phantasia
1209 687 1352 719 Ὗ*

1139 795 1146 808 ,
1180 750 1214 793 De
1225 747 1383 806 significatione

123 795 317 866 excitatam
335 818 358 865 a
375 795 465 881 Dec,
483 793 530 865 ad
555 794 832 888 significandam
860 794 1093 889 praesentiam
1112 793 1167 865 dr-
1180 828 1246 890 quem
1260 813 1382 890 munta

122 908 246 979 vinam
272 908 309 979 in
328 907 539 1003 operatione
564 910 642 1003 ejus
668 907 790 1004 aliqua
807 907 1087 1003 supernaturali,
1107 907 1168 979 de·
1180 880 1299 989 iffi?
1307 878 1382 999 ,siff

123 1021 257 1093 notari.
1179 1007 1384 1133 {ffigangQl'

175 1135 346 1229 Legimus
367 1134 473 1224 (Gen.
493 1134 597 1226 xri),
616 1133 881 1229 apparitionem
898 1157 1009 1208 unam
1028 1144 1066 1205 et
1084 1157 1168 1205 ean-

125 1248 208 1320 dem
227 1258 264 1319 et
282 1247 456 1344 angelum
474 1249 610 1336 vocari,
629 1261 665 1320 et
684 1248 815 1320 Deum.
857 1250 964 1336 Nam,
986 1249 1096 1338 (vers.
1116 1249 1170 1342 7),

125 1360 285 1458 angelus
299 1359 450 1432 Domini
467 1373 640 1445 vocatur;
660 1362 736 1450 sed,
754 1362 859 1450 (vers.
881 1367 954 1455 10),
967 1361 1056 1434 dicit
1072 1361 1170 1433 idem

126 1475 278 1571 angelus
295 1474 343 1547 ad
360 1475 475 1569 Agar:
503 1500 624 1547 semen
643 1485 742 1546 lnam
759 1474 1016 1572 multiplicabo
1035 1475 1170 1558 enlde;

127 1614 208 1685 quae
228 1590 341 1661 verba
361 1588 434 1660 dici
457 1589 526 1661 nisi
547 1613 569 1660 a
595 1589 673 1661 Deo
699 1613 773 1661 non
801 1603 965 1684 possunt.
1019 1590 1172 1662 Constat

127 1726 216 1797 ergo
240 1701 414 1799 angelum
437 1701 529 1773 nihil
546 1701 645 1773 aliud
662 1702 733 1773 hoo
750 1702 831 1774 loco
850 1701 1055 1796 significare
1078 1726 1172 1798 prae-

127 1826 185 1888 ter
205 1815 471 1911 apparitionem
500 1814 672 1902 divinam,
693 1838 756 1909 per
773 1839 900 1886 vocem
919 1839 941 1886 a
964 1815 1056 1887 eoelo
1079 1839 1173 1911 prae-

129 1928 284 2000 sentiam
298 1927 364 1999 Dei
378 1939 576 1999 testantem
588 1926 927 1999 extraordinariam.
954 1928 1099 2023 Angeli,
1111 1928 1175 2024 qui

130 2053 379 2138 apparuerunt
396 2041 479 2127 Lot,
498 2053 535 2112 et
548 2051 738 2126 vocantur,
760 2040 866 2130 (Gen.
885 2041 958 2112 xix.
984 2043 1056 2132 10),
1074 2038 1173 2123 niri;

130 2167 167 2227 et
179 2154 325 2252 quibuS,
337 2178 421 2224 cum
432 2164 554 2226 essent
572 2153 657 2237 duo,
669 2152 833 2248 loquitur
847 2154 918 2225 Lot
932 2164 973 2226 ut
986 2152 1033 2225 ad
1045 2177 1173 2241 unum,

131 2279 168 2340 et
197 2268 307 2359 (vers
332 2268 391 2359 18)
423 2266 584 2362 appellat
612 2264 835 2348 Dominnm;
865 2266 1044 2362 imagines
1071 2277 1177 2338 erant

130 2382 168 2453 in
185 2380 380 2476 phantasia
396 2381 474 2475 ejus
490 2379 657 2451 formatae
675 2403 698 2450 a
714 2378 806 2465 Dec,
826 2403 901 2450 non
922 2379 1042 2451 minus
1066 2403 1177 2474 quam

131 2494 311 2590 apparitio
334 2507 486 2565 vocatur
508 2493 672 2587 angelus
691 2514 772 2585 quae
795 2490 894 2563 facta
923 2505 979 2563 est
1006 2491 1053 2564 ad
1074 2494 1176 2588 Agar

131 2631 198 2704 per
216 2630 347 2678 nocem.
385 2605 560 2700 Angelus,
573 2604 635 2700 qui
649 2604 819 2699 apparuit
830 2604 1052 2695 Abrahamo,
1069 2605 1177 2700 (Gen.

134 2719 221 2790 xxii.
246 2718 321 2811 ll),
336 2717 585 2789 sacrificaturo
603 2716 719 2787 filium
738 2739 844 2787 suum
858 2716 973 2801 Isaac,
991 2741 1063 2790 vox
1082 2729 1177 2802 erat;

135 2843 298 2905 attamen
327 2830 415 2902 satis
449 2829 596 2925 proprie
628 2828 779 2924 angelus
809 2829 1014 2925 appellatus
1042 2842 1108 2919 est,
1138 2842 1180 2904 ut

135 2969 208 3042 qua
219 2943 434 3015 nunciatum
446 2953 501 3013 est
515 2942 567 3014 illi
579 2965 624 3013 ne
639 2941 754 3012 filium
770 2942 1005 3016 interficeret.
1033 2945 1179 3041 Angeli,

136 3082 226 3154 quos
256 3057 349 3128 vidit
375 3057 491 3130 Jacob
520 3054 759 3128 ascendentes
786 3068 824 3127 et
852 3054 1115 3130 descendentes
1134 3059 1180 3131 de

137 3172 230 3244 coelo
247 3195 314 3266 per
331 3170 478 3257 scalam,
506 3169 612 3260 (Gen.
632 3169 757 3241 xxviii.
782 3171 856 3260 12),
871 3170 1051 3244 insomne
1070 3197 1181 3268 appa-

138 3294 308 3366 ruerunt3
328 3286 477 3355 fuerunt
490 3307 578 3378 ergo
593 3282 775 3354 somnium
789 3295 827 3354 et
837 3284 1076 3378 phantasma:
1097 3285 1183 3380 quia

137 3410 261 3471 tamen
285 3397 577 3493 supernaturalia
597 3406 703 3467 erant
726 3409 762 3467 et
781 3397 885 3491 signa
905 3399 1111 3493 praesentiae
1129 3399 1183 3471 di·

138 3513 244 3600 rinae,
273 3511 383 3583 etiam
409 3510 542 3605 angeli.
595 3509 697 3581 Idem
722 3509 951 3606 intelligitur,
979 3513 1042 3583 ubi
1068 3513 1182 3585 Jacob

143 3625 250 3715 (Gen.
266 3624 365 3696 xxxi.
386 3624 445 3715 11)
462 3624 514 3694 sic
533 3622 635 3711 dicit,
650 3621 822 3719 Angelus
835 3624 987 3696 Domini
1001 3626 1186 3723 apparuit

140 3737 228 3809 milri
241 3737 278 3808 in
293 3759 426 3807 sornno.
480 3736 588 3807 illurn
603 3746 738 3824 autem,
754 3759 864 3829 quem
882 3738 952 3810 hoc
969 3737 1052 3810 loeo
1068 3738 1184 3810 Jacob

139 3852 299 3948 appellat
330 3849 515 3947 angelum,
534 3851 611 3945 ipse
642 3873 681 3921 se
712 3849 873 3945 appellat
901 3851 1032 3939 Deam,
1060 3850 1187 3922 dicens

144 3966 251 4057 (vers.
276 3965 349 4055 13),
393 3962 483 4059 Ego
509 3987 588 4032 anm
617 3963 722 4033 Dens
750 3961 899 4034 Bellel.
952 3962 1032 4035 Nec
1062 3976 1186 4036 tamen

140 4078 227 4149 hinc
246 4074 492 4171 colligendum
511 4092 567 4146 est
585 4075 704 4147 Deum
722 4086 822 4148 auta
838 4076 1104 4150 somniantibus
1123 4089 1188 4150 aut

142 4216 165 4264 a
181 4189 415 4286 vigilantibus
433 4188 549 4260 videri
567 4212 683 4284 posse.

193 4303 308 4377 Exod.
326 4303 400 4375 uir.
425 4311 481 4390 19,
508 4303 672 4397 angelus,
701 4302 765 4398 qui
789 4303 991 4375 exereitum
1017 4304 1189 4378 Israeliti-
