2926 4980
358 380 411 430 ns
431 378 625 430 crvrrsrn
644 378 912 430 cnnrsrmnn.
1078 363 1151 428 425

168 546 326 620 Quando
357 546 491 641 Papam
522 545 560 616 in
591 543 754 616 dominio
783 545 901 617 alieno
933 552 1151 639 potestatem
1175 575 1350 626 cinxia,

118 682 297 732 summam
315 657 454 731 directe
480 658 616 730 habere
636 668 767 753 negat3
794 658 845 730 ita
872 654 1152 752 intelligendum
1189 658 1337 770 M

118 784 184 861 est,
215 797 258 845 ac
281 772 311 845 si
330 772 478 860 diceret,
504 782 724 867 potestatem
749 771 848 843 illam
872 794 946 842 non
964 769 1088 842 venire
1105 767 1153 841 ad
1188 776 1339 822 ”dm

119 887 330 983 pontificem
354 886 559 958 Romanum
577 909 621 956 es
638 886 697 958 via
714 909 787 980 qua
804 908 909 981 reges
932 893 1153 980 potestatem

121 1024 224 1072 suam
250 999 453 1086 obtinuere,
471 998 644 1070 nimirum
671 998 717 1070 ab
747 1022 886 1087 eorum,
915 997 979 1092 qui
1002 995 1154 1091 regendi

122 1123 218 1200 sunt,
253 1112 491 1184 submissione
526 1110 706 1206 originali.
775 1111 999 1185 Potestatem
1029 1121 1153 1182 tamen

122 1225 274 1297 eandem
291 1224 436 1296 vinalia
460 1224 528 1296 sibi
555 1224 735 1312 vendicat,
755 1225 863 1297 etiam
882 1225 959 1297 sine
976 1247 1154 1296 consensu

121 1338 258 1434 populi,
270 1361 401 1433 nempe
418 1350 460 1409 ut
477 1336 574 1410 dono
588 1337 657 1409 Dei
669 1337 804 1410 factam
823 1361 925 1410 suam
939 1338 977 1410 in
995 1360 1156 1432 assump-

122 1451 221 1522 tione
257 1475 323 1523 sua
352 1451 399 1523 ad
429 1464 615 1548 papatum.
686 1453 916 1549 Quocunque
944 1464 1068 1526 tamen
1096 1453 1157 1525 vin

121 1564 220 1636 illam
244 1564 424 1652 habuerit,
443 1565 572 1636 endem
594 1576 717 1638 tamen
734 1590 877 1662 semper
894 1577 952 1639 est
967 1577 1130 1662 potestas
1146 1597 1155 1648 ;

123 1690 159 1749 et
189 1700 254 1772 per
284 1702 376 1765 enm,
405 1678 434 1749 si
464 1678 697 1766 concedatur,
715 1679 898 1774 principes
925 1691 963 1751 et
990 1679 1156 1751 civitates

123 1789 284 1861 dominio
301 1814 366 1861 suo
385 1790 540 1885 spoliare
549 1792 632 1888 jure
648 1803 781 1887 potest,
795 1791 938 1887 quoties
956 1792 1065 1865 saluti
1078 1792 1155 1864 sni-

123 1928 265 1975 marnm
291 1903 475 1976 videbitur
501 1903 718 1993 conducere,
737 1903 775 1976 id
802 1917 868 1993 est,
888 1906 1031 2000 quoties
1056 1906 1155 1977 vult:

124 2040 209 2089 nam
231 2016 421 2112 judicandi
448 2030 573 2090 utrum
599 2018 647 2090 ad
673 2019 828 2092 salutem
846 2020 1050 2093 animarum
1068 2044 1156 2093 con-

124 2130 235 2202 ducat
253 2153 379 2219 necne,
398 2131 514 2204 solnm
533 2156 572 2205 se
585 2133 748 2228 judicem
759 2157 839 2206 esse
851 2136 1023 2228 postulat.
1061 2135 1157 2207 Doc-

123 2245 257 2316 trinam
276 2256 397 2317 antem
416 2245 523 2333 hanc,
542 2269 616 2317 non
634 2245 752 2318 solnm
768 2247 805 2318 in
828 2247 920 2319 libro
937 2248 1008 2319 hoc
1020 2247 1158 2320 Bellor-

126 2358 244 2431 minns
261 2360 427 2448 sustinet,
446 2358 688 2454 doctoresque
706 2359 768 2432 alii
785 2361 891 2433 multi
904 2361 943 2433 in
960 2360 1104 2456 scriptis
1122 2371 1159 2433 et

126 2471 362 2544 concionibus
396 2473 469 2545 suis
505 2471 721 2561 docuerunt,
760 2473 824 2546 sed
858 2475 968 2545 etiam
1003 2473 1158 2546 concilia

125 2585 247 2680 sliqua
272 2585 533 2668 decreverunt,
560 2598 671 2681 atque
697 2586 807 2659 etiam
833 2586 1040 2682 aliquando,
1072 2585 1160 2659 data

125 2699 329 2788 occasione,
346 2699 385 2770 in
402 2699 533 2794 praxin
551 2699 718 2772 intulere.
751 2699 957 2772 Concilium
974 2700 1069 2772 enim
1088 2701 1158 2773 Ln-

125 2821 330 2898 teranense,
362 2811 527 2882 habitum
556 2813 622 2883 sub
658 2814 755 2907 Papa
785 2813 1004 2885 Innocentio
1035 2815 1158 2903 tertio,

124 2925 217 3020 (cap.
230 2925 279 2997 iii.
293 2925 340 2996 de
351 2924 568 3012 haereticis),
581 2925 678 2998 hunc
692 2926 801 2998 habet
816 2949 1014 2998 canonem:
1033 2926 1158 3015 sires,

126 3062 150 3109 a
166 3037 277 3135 Papa
296 3037 517 3125 admonitas,
528 3061 683 3134 regnam
700 3062 803 3110 saara
821 3037 869 3110 ab
887 3039 1072 3111 hereticis
1090 3064 1160 3112 noa

118 3163 277 3248 purget,
297 3161 334 3223 et
352 3150 491 3223 absara
510 3176 586 3223 rem
604 3153 936 3224 excommunicatas
954 3153 1057 3224 intra
1071 3177 1161 3250 spa-

126 3266 216 3336 tiam
234 3265 322 3337 anai
339 3289 409 3335 aaa
427 3264 659 3356 satisfaciat,
674 3263 815 3337 subditi
832 3267 913 3360 ejas
931 3264 978 3338 ab
991 3265 1162 3338 obedien-

126 3379 182 3449 tia
200 3377 452 3448 absoloantar.
505 3379 552 3449 Et
570 3378 739 3450 doctrina
756 3379 834 3452 haec
851 3379 963 3469 facto,
982 3392 1161 3452 tumente

127 3505 205 3563 tum
216 3502 299 3586 post
313 3490 501 3562 decretum
511 3492 816 3579 hoc,confirmata
826 3503 898 3575 est;
913 3505 1054 3580 nt,cnm
1062 3492 1161 3565 Chil-

125 3603 270 3698 pericus
288 3627 352 3675 rex
371 3604 509 3689 Galliae,
535 3605 651 3676 multo
670 3611 755 3676 ante
774 3605 978 3677 Concilium
997 3607 1078 3694 hoc,
1098 3605 1161 3678 de-

125 3716 265 3811 positus
292 3728 388 3789 esset
411 3741 433 3788 a
460 3718 559 3814 Papa
575 3718 776 3801 Zacharia;
804 3731 841 3791 et
867 3743 950 3791 cum
968 3718 1161 3815 imperium

127 3830 334 3901 Romanum
352 3830 570 3903 translatum
588 3842 683 3904 esset
706 3831 744 3903 in
771 3831 942 3904 Carolum
961 3832 1161 3928 Magnum

126 3952 264 4013 etcum
283 3940 551 4036 opprimeretur
579 3943 616 4014 in
645 3942 779 4038 Anglia
800 3942 986 4015 Johannes
1011 3968 1074 4016 rex
1097 3968 1163 4040 per

126 4055 400 4151 instigationem
424 4055 532 4149 Papae
550 4055 648 4127 circa
673 4067 840 4148 tempora
862 4055 957 4128 illius
984 4055 1161 4140 Concilii;

126 4181 163 4241 et
177 4181 305 4265 posteo
317 4191 399 4239 curn
415 4191 569 4262 regnum
588 4168 762 4242 Novarrae
781 4169 996 4241 translatum
1012 4180 1106 4242 esset
1124 4170 1162 4241 in

125 4306 250 4377 regem
267 4281 481 4377 Hispaniae;
509 4294 547 4354 et
573 4306 701 4378 nuper,
721 4284 759 4355 in
786 4283 1057 4377 conspiratione
1079 4309 1163 4358 curn
