2926 4980
521 417 577 469 uu
597 408 778 470 ιιοιιιιιιι.
1128 403 1170 483 17

122 580 251 655 media
274 582 485 679 quaerimus‚
511 584 645 681 quibus
669 585 899 680 producitur.
951 587 1074 681 Atque
1090 586 1172 659 haec
1213 623 1356 673 cmm,

123 694 337 769 hominibus
362 721 448 771 cum
475 698 618 771 caeteris
644 699 861 772 animalibus
882 701 1086 771 communis
1104 712 1170 773 est.
1185 708 1358 812 [ἢ

123 809 258 883 Altera
281 823 348 898 cst,
375 812 537 908 qnando,
567 812 758 909 imaginati
791 837 870 886 rem
900 837 1169 909 quamcunque,
1183 782 1358 910 aiqffiqldl

122 924 278 996 effectus
303 949 432 998 omnes
459 926 656 1021 quaerimus
680 925 873 1021 possibiles
897 926 960 1022 qui
985 925 1070 998 inde
1087 907 1303 1022 pro-”²¹¹⁰”um'

123 1036 210 1109 duci
239 1050 419 1133 possunt3
447 1037 486 1110 id
512 1051 579 1125 est,
605 1062 712 1110 nsum
740 1041 819 1134 ejus
850 1039 1058 1135 quaerimus,
1090 1040 1171 1135 quis

122 1172 203 1221 esse
232 1150 365 1245 possit.
419 1151 541 1246 Hujus
570 1153 715 1247 generis
747 1150 981 1247 cogitationis
1012 1152 1170 1246 signum,

122 1274 374 1359 praeterquam
399 1263 438 1335 in
464 1264 624 1352 homine,
642 1287 831 1359 nunquam
848 1264 948 1344 vidi;
976 1266 1170 1339 euriositas

120 1375 222 1448 cuim
240 1377 323 1450 haec
344 1377 383 1450 in
406 1389 575 1450 naamam
592 1376 754 1450 incidere
771 1377 832 1449 vix
850 1388 974 1473 potest
991 1378 1170 1465 animalis,
1300 1447 1304 1455 .

120 1489 183 1562 cui
202 1490 316 1564 nullae
333 1491 462 1563 insunt
478 1490 664 1587 passiones
682 1500 817 1586 praeter
834 1491 1031 1573 sensuales,
1046 1492 1170 1586 quales

120 1616 210 1677 sunt
231 1603 362 1692 fames,
381 1604 473 1692 sitis,
491 1628 605 1690 amor,
623 1614 661 1675 et
677 1602 742 1676 ira.
795 1602 990 1675 Discursus
1013 1602 1170 1699 denique

119 1716 249 1806 animi,
263 1716 411 1813 quando
427 1740 451 1789 a
468 1716 660 1812 designato
678 1717 752 1788 line
768 1714 892 1811 aliquo
909 1716 1062 1810 regitur,
1076 1716 1169 1788 nihil

119 1829 223 1903 aliud
245 1842 304 1902 est
329 1841 464 1926 practer
488 1828 822 1926 investigationem,
848 1829 924 1900 sive
951 1826 1167 1901 facultatem

121 1941 348 2030 inveniendi,
391 1966 475 2039 quae
518 1940 719 2038 sagacitas
755 1963 901 2036 quoquc
936 1950 974 2011 et
1009 1939 1168 2013 solertia

121 2055 341 2151 appellatur,
365 2074 403 2127 et
431 2066 488 2126 est
511 2053 614 2149 quasi
638 2052 785 2125 venatio
813 2052 980 2148 quaedam
1005 2076 1071 2148 per
1103 2076 1169 2127 sna

121 2168 280 2265 vestigia
304 2167 460 2263 alicujus
485 2191 605 2240 causae
628 2167 684 2239 vel
711 2168 862 2239 effectus
887 2166 1077 2261 praesentis
1103 2178 1169 2239 aut

121 2282 314 2378 praeteriti.
371 2281 573 2377 Investigat
606 2280 737 2375 aliquis
771 2280 810 2351 id
845 2279 944 2376 quod
976 2279 1166 2376 perdidit?

123 2395 182 2468 Ab
209 2419 255 2468 θο
281 2395 365 2468 loco
391 2406 428 2467 ct
453 2406 631 2490 tempore,
658 2394 721 2466 ubi
746 2393 785 2465 id
810 2417 849 2466 se
869 2392 1072 2489 perdidisse
1090 2395 1168 2464 ani-

124 2508 334 2597 madvertit,
362 2509 520 2582 recurrit
553 2507 675 2581 auimo
702 2531 725 2579 a
749 2506 831 2580 loco
857 2506 906 2579 ad
932 2507 1055 2579 locum
1083 2518 1120 2577 et
1147 2530 1170 2576 a

122 2633 290 2718 tempore
307 2621 357 2695 ad
380 2633 535 2717 tempus,
552 2633 596 2693 ut
613 2619 773 2716 reperiat
789 2620 853 2692 ubi
871 2631 910 2691 et
927 2616 1074 2714 quando
1093 2641 1169 2689 rem

125 2735 310 2832 perditam
339 2735 531 2823 habuerat,
548 2734 588 2807 id
615 2745 683 2821 est,
709 2744 753 2806 ut
782 2746 927 2830 tempus
957 2731 1107 2828 aliquod
1134 2742 1171 2804 et

125 2849 246 2922 locum
271 2861 418 2922 certum
435 2861 473 2920 et
491 2849 681 2921 definitum
705 2848 874 2944 reperiat,
892 2847 956 2919 ubi
974 2846 1170 2941 iuvestiga-

123 2961 234 3036 tionis
252 2973 417 3035 statuere
437 2962 583 3034 initium
608 2961 736 3056 possit.
790 2960 892 3048 Inde,
910 2984 1049 3048 rursus,
1069 2960 1170 3056 cogi-

122 3076 266 3150 tatione
292 3099 359 3172 per
384 3073 514 3148 eadem
536 3076 619 3148 loca
640 3088 679 3147 et
705 3087 873 3170 tempora
894 3074 1103 3162 revertitur,
1129 3084 1170 3146 ut

122 3189 309 3262 actionem
336 3188 497 3285 aliquam
520 3190 578 3262 vel
606 3189 837 3262 occasionem
860 3187 971 3261 aliam
992 3188 1168 3275 inveniat,

123 3326 206 3399 quae
220 3327 334 3376 causa
347 3326 427 3375 esse
439 3313 586 3399 poterat
600 3314 733 3375 utrem
749 3301 940 3398 quaesitam
952 3301 1168 3399 perdiderit.

121 3417 248 3512 Atque
277 3415 358 3488 haec
387 3426 444 3487 est
477 3414 633 3488 facultas
662 3415 726 3487 illa
759 3414 872 3486 animi
902 3439 984 3511 quae
1014 3425 1169 3486 vocatur

122 3527 418 3602 reminiscentia.

172 3641 323 3716 Accidit
347 3639 557 3736 aliquando,
576 3653 618 3712 ut
643 3642 724 3738 quis
750 3641 873 3714 locum
898 3640 1088 3713 definitum
1105 3638 1169 3709 ha-

122 3757 210 3828 beat
225 3755 325 3828 intra
337 3777 447 3848 quem
465 3752 699 3850 investigatio
712 3753 939 3827 instituenda
953 3765 1020 3823 est.
1064 3752 1169 3823 Tunc

123 3881 248 3943 autem
275 3867 519 3963 cogitationes
552 3867 631 3963 ejus
662 3879 785 3963 partes
814 3890 940 3939 omnes
970 3864 1067 3936 illius
1098 3863 1169 3936 loci

123 3981 361 4055 determinati
374 3992 606 4076 percurrunt,
621 4004 664 4053 eo
682 3980 792 4053 modo
811 3992 853 4052 ut
871 3979 900 4052 si
920 3978 1001 4073 quis
1019 3977 1170 4050 cubicu-

123 4096 200 4169 lum
218 4105 415 4182 everreret,
427 4106 471 4166 ut
487 4093 670 4190 perditam
682 4093 864 4166 inveniret
881 4116 1064 4188 gemmam
1080 4122 1089 4174 ;
1113 4091 1170 4162 vel

123 4206 437 4303 quemadmodum
460 4206 562 4280 canis
584 4205 775 4278 venaticus
803 4228 974 4300 campum
995 4228 1171 4299 pervaga-

125 4333 200 4405 tur,
214 4319 332 4391 donec
344 4318 432 4391 ferae
446 4319 599 4415 alicujus
614 4318 767 4391 odorem
786 4318 942 4398 sentiat;
974 4318 1031 4388 vel
1049 4328 1090 4388 ut
1108 4317 1171 4413 qui

227 4452 321 4503 von.
341 4454 400 4503 ιιι.
1049 4448 1071 4499 c
