2926 4980
334 371 552 425 Anununrx
570 370 626 423 uo
647 370 905 423 nnvmrnnu.
1070 356 1141 423 569

98 540 258 613 sciamus
275 537 402 611 Jesam
419 498 504 611 aare
518 535 711 610 Christum
728 535 864 610 Filium
881 535 959 609 Dei
974 536 1142 611 viventia.
1181 572 1260 623 erp,
1277 573 1328 622 ιη,

98 654 293 740 Praeterea,
328 651 420 725 dicit
447 650 546 723 idem
576 649 765 746 apostolus
796 650 830 744 (l
862 649 979 747 Epist.
1007 651 1056 724 iv.
1080 653 1142 743 2):
1181 655 1324 774 ὦ

102 765 229 839 Omnia
255 763 425 863 Spiritus
442 763 509 861 qui
535 764 733 859 coafitetur
751 761 880 836 lesum
908 787 991 835 esse
1012 762 1145 837 Chris·
1181 781 1337 889 ,im-,Q

98 887 175 952 tum
201 887 241 951 et
256 877 401 950 venisse
418 877 456 950 in
474 900 601 966 corne,
619 901 667 950 eu
684 876 769 949 Deo
787 885 856 949 eat.
910 876 1031 950 Multa
1054 877 1145 950 item
1181 859 1358 955 aimoin..

98 991 171 1064 alia
199 991 282 1064 loca
298 990 442 1064 suntin
459 990 698 1064 Testamenta
716 989 825 1063 Novo
841 990 951 1086 hujus
969 990 1113 1065 similia.

148 1103 185 1176 A
190 1158 199 1176 .
226 1102 300 1176 Sed
317 1113 449 1177 contra
473 1113 541 1193 est,
568 1102 670 1200 quod
686 1103 821 1199 legitur
842 1102 882 1176 in
897 1103 972 1175 fine
989 1103 1146 1200 symboli

99 1215 303 1304 Athanasii,
320 1240 453 1313 nempe
481 1217 577 1290 hoo:
603 1216 702 1289 Haec
730 1225 788 1290 est
805 1216 913 1310 fides
943 1217 1144 1308 catholiea,

98 1353 211 1427 quom
226 1329 303 1403 oiri
328 1330 414 1427 qais
434 1353 514 1429 pro
532 1339 637 1405 certo
654 1328 799 1419 eredat,
816 1328 964 1403 salvari
980 1353 1052 1405 non
1071 1354 1145 1429 po-

100 1450 186 1515 teat.

149 1553 200 1629 B.
225 1553 332 1627 'l'nno
350 1554 472 1628 Saerae
491 1554 691 1650 Scripturae
705 1570 744 1628 et
766 1556 887 1629 verbis
904 1555 1063 1652 apostoli
1080 1580 1147 1653 op-

99 1690 215 1764 pones
232 1667 344 1740 verba
359 1667 579 1741 Athanasii?
618 1667 730 1765 Cujus
747 1668 953 1765 symbolum
970 1669 1148 1766 recipitur

101 1780 248 1877 quidem
283 1780 330 1854 ab
364 1781 521 1854 ecclesia
548 1793 593 1854 ut
621 1781 803 1878 expositio
829 1782 889 1855 vel
913 1782 1146 1878 paraphrasis

100 1893 257 1990 symboli
274 1891 432 1977 Niceni3
459 1893 525 1967 sed
540 1893 620 1966 haee
638 1895 750 1968 verba
764 1893 957 1967 Athanasii
972 1895 1075 1969 nulla
1091 1907 1147 1969 est

99 2028 185 2101 pars
201 2003 299 2078 illius
317 2004 488 2102 symboli.

149 2117 200 2191 A.
228 2117 323 2191 Sunt
346 2129 387 2190 et
402 2116 475 2190 alia
500 2115 690 2213 paradoxa
714 2141 790 2191 non
815 2142 936 2215 pauca
951 2120 992 2192 in
1016 2120 1147 2194 eodem

99 2231 216 2313 libro;
243 2229 309 2304 sed
336 2230 423 2325 quia
448 2230 602 2303 minoris
631 2241 718 2305 sunt
744 2254 855 2327 qnam
878 2242 922 2306 ut
945 2232 1018 2306 illis
1046 2257 1146 2308 nunc

100 2343 392 2433 immoraremur,
409 2365 485 2414 non
502 2341 699 2438 proferam.

152 2455 202 2529 B.
229 2455 283 2530 Ut
298 2455 399 2529 libet.
452 2455 527 2529 Sed
539 2455 579 2530 in
595 2457 653 2530 his
672 2482 755 2555 quae
771 2457 968 2554 protulisti,
981 2457 1073 2533 nihil
1090 2460 1147 2533 in-

100 2567 210 2643 venio
221 2580 353 2642 contra
367 2567 480 2642 fidem
493 2568 658 2643 ecelesiae
670 2581 819 2661 nostrae,
832 2594 1053 2668 quamquam
1070 2597 1146 2646 non

100 2704 220 2779 pauca
249 2680 456 2756 doctrinam
480 2682 740 2780 theologorum
766 2683 993 2781 privatorum
1018 2709 1146 2783 super-

102 2794 216 2870 antia.

352 3468 464 3520 FlNlS
485 3469 726 3528 VOLUMlNlS
746 3471 903 3522 TERTII.
