2926 4980
113 522 192 572 CAP.
204 523 290 577 xnll.

133 608 272 639 -τ--ν

126 666 162 709 De
171 672 278 724 pomum

125 730 278 778 eoelaiuon

315 307 387 374 ³62
561 323 616 375 nn
631 324 826 376 crvirnrn
847 324 1115 377 cnms'nANA.

315 485 481 582 dixitque
497 487 535 579 (2
556 487 647 583 Reg.
666 512 700 560 v.
724 493 781 579 17,
803 492 864 582 18)
880 518 889 562 ε
916 488 1140 586 Nonfuciet
1156 490 1267 565 ultro
1279 516 1362 566 ser·

315 624 381 671 nus
413 610 497 672 tuus
524 599 776 673 holocaustum
806 613 873 676 aut
901 602 1088 675 victimam
1104 602 1181 677 diis
1205 603 1361 695 alienis,

315 713 390 785 nisi
408 712 591 786 Domino:
617 714 686 787 hoo
703 724 824 787 autern
842 714 959 788 solunt
976 727 1034 789 est
1062 716 1194 814 dequo
1220 718 1360 817 depre-

317 826 417 899 ceris
445 826 627 899 (lominum
648 851 725 924 pro
748 851 855 900 seru-o
874 838 961 900 tuo:
986 829 1135 925 quando
1161 828 1361 927 ingredie-

315 949 378 1012 tur
397 939 565 1012 donn'nus
583 964 682 1012 meus
698 941 735 1012 in
754 939 927 1038 temptum
944 941 1129 1031 domnion,
1143 951 1185 1014 nt
1205 942 1360 1037 adoret,

315 1063 352 1125 et
366 1053 433 1125 illo
465 1053 644 1126 innitente
657 1078 772 1150 serpen
789 1078 932 1127 ninnium
948 1080 1076 1143 meum,
1089 1056 1126 1127 si
1143 1054 1359 1131 adoravero

314 1167 352 1239 in
372 1166 509 1264 templo
522 1166 708 1255 neumata,
737 1167 923 1240 odorante
943 1193 986 1240 eo
1004 1167 1042 1240 in
1059 1168 1186 1241 eodem
1204 1168 1301 1259 loco,
1315 1181 1359 1245 nt

315 1281 491 1377 ignoscat
508 1280 598 1352 mihi
614 1280 796 1353 Dominus
811 1305 919 1354 servo
933 1292 994 1354 tuo
1005 1265 1082 1379 p‘ro
1096 1277 1168 1355 hue
1184 1306 1240 1356 re.
1270 1283 1359 1357 Hoo

314 1392 368 1464 illi
379 1392 560 1488 prophete
570 1393 763 1482 concessit,
778 1394 886 1487 (vers.
903 1396 977 1485 19),
992 1395 1240 1491 respondens:
1258 1397 1359 1471 uude

315 1504 353 1577 in
376 1528 488 1600 qinon.
547 1505 757 1578 Naamanus
783 1505 844 1579 hic
865 1505 1022 1579 credidit
1047 1507 1085 1579 in
1104 1507 1216 1581 corde
1233 1507 1357 1585 Deum

314 1639 464 1698 verum;
491 1616 678 1690 odorando
706 1630 829 1690 autem
854 1617 971 1690 videri
994 1619 1110 1692 voluit
1137 1644 1212 1693 non
1235 1620 1358 1695 oredi-

316 1729 423 1817 disse,
445 1755 492 1803 ne
509 1730 713 1804 offenderet
730 1755 854 1827 regem
880 1756 998 1806 suum.
1050 1732 1151 1807 Quid
1176 1756 1266 1829 ergo
1293 1757 1355 1807 re-

316 1844 576 1938 spondebimus
607 1844 654 1917 ad
679 1846 791 1919 verba
821 1846 1026 1918 Servatoris
1051 1846 1168 1919 nostri
1196 1846 1353 1938 (Matth.

314 1981 350 2028 x.
369 1962 460 2051 33):
500 1958 715 2056 Quicunque
748 1967 865 2055 negot
899 1983 954 2030 me
980 1982 1106 2031 eornm
1131 1957 1355 2049 dominibus,

314 2094 385 2168 ego
419 2070 563 2169 negabo
590 2070 693 2143 illum
722 2094 847 2143 corum
884 2071 1002 2143 Patre
1031 2094 1121 2159 meo,
1143 2070 1207 2168 qni
1231 2080 1289 2143 est
1315 2072 1355 2145 in

314 2183 453 2256 coelist
504 2182 831 2278 Respondebimus
843 2183 957 2271 illum,
972 2183 1034 2279 qui
1051 2183 1218 2257 subditus
1237 2195 1294 2257 est
1311 2198 1357 2260 ut

314 2309 393 2368 erat
406 2297 630 2384 NaamanuS,
649 2306 686 2368 et
703 2320 726 2368 a
746 2319 834 2391 rege
851 2318 918 2369 suo
936 2296 1087 2391 aliquid,
1108 2295 1357 2393 quodeunque

313 2408 352 2481 id
363 2409 422 2496 sit,
439 2409 560 2481 faeere
578 2421 728 2481 coaetus
746 2421 813 2498 est,
832 2408 886 2482 ita
901 2423 942 2481 ut
959 2433 1034 2481 non
1048 2422 1178 2507 sponte
1196 2433 1274 2499 sua,
1289 2411 1357 2485 sed

313 2520 350 2593 in
379 2520 508 2594 ordine
541 2521 588 2594 ad
623 2520 871 2595 obedientiam
900 2521 1041 2616 legibus
1070 2521 1198 2617 patriis
1228 2521 1356 2614 faciat,

312 2634 451 2706 factum
480 2635 576 2707 illius
605 2659 681 2707 non
709 2658 800 2723 esse,
827 2658 896 2707 nec
922 2633 975 2706 illi
1000 2633 1268 2730 imputandum,
1288 2637 1356 2711 sed

312 2748 465 2842 regis‚id
476 2760 542 2837 est,
549 2749 707 2821 civitatis
720 2749 857 2821 laetum
872 2772 962 2839 esse,
970 2760 1007 2821 et
1016 2748 1158 2843 legibus
1169 2748 1355 2844 imputen-

314 2860 418 2944 dum;
437 2885 555 2957 neque
570 2861 671 2933 illum
684 2885 772 2948 esse,
788 2861 853 2934 sed
863 2884 988 2957 regem
999 2884 1117 2948 suum,
1129 2861 1191 2956 qui
1203 2863 1355 2957 negavit

315 2973 513 3046 Christum.
542 2975 679 3069 siquis
698 2973 905 3045 doctrinam
923 2973 1017 3044 hanc
1036 2997 1120 3045 cum
1134 2973 1353 3047 Christiani-

313 3099 389 3160 tate
417 3088 558 3160 sincera
584 3112 658 3159 non
686 3089 772 3160 satis
806 3086 1014 3159 consentire
1047 3086 1166 3159 dicat:
1193 3086 1353 3160 libenter

314 3201 441 3274 abillo
466 3202 590 3274 doceri
606 3200 727 3289 velim,
754 3200 784 3272 si
808 3201 846 3272 in
868 3200 1017 3272 civitate
1035 3199 1246 3272 Christiana
1264 3225 1353 3273 eon-

312 3314 472 3410 tingeret
489 3314 656 3387 habitare
674 3314 976 3386 Mahometanum
1003 3312 1174 3408 aliquem,
1192 3314 1352 3387 eundem

313 3428 454 3510 civem3
481 3427 655 3522 illumque
681 3426 838 3499 civitatis
865 3426 960 3498 illius
979 3449 1043 3497 rex
1061 3425 1213 3499 adorare
1231 3426 1351 3501 Deum

312 3542 388 3614 ritu
423 3541 633 3614 Christiano
676 3541 714 3613 in
749 3539 903 3612 ecelesia
935 3540 1083 3635 juberet
1118 3539 1185 3611 sub
1221 3541 1353 3614 mortis

313 3680 446 3752 poena3
473 3667 598 3727 utrum
616 3655 647 3727 is
665 3653 967 3726 Mahometanum
986 3651 1087 3723 illum
1106 3652 1146 3723 in
1163 3653 1353 3726 conscien-

313 3770 366 3843 tia
379 3779 535 3841 mortem
548 3767 625 3863 pati
638 3766 840 3862 obligatum
854 3787 932 3836 esse
947 3763 1095 3851 diceret,
1106 3764 1229 3860 potius
1241 3790 1353 3862 quom

314 3883 387 3979 legi
403 3881 533 3978 patriae
551 3904 626 3953 suae
640 3877 801 3952 obedire.
842 3878 881 3950 Si
899 3876 998 3949 dicat
1012 3875 1145 3949 debere
1163 3879 1268 3969 mori,
1279 3879 1353 3975 pri-

314 3997 407 4068 vatis
426 3995 564 4068 civibus
579 3992 747 4066 omnibus
773 3992 977 4064 libertatem
1005 3988 1186 4079 concedit,
1211 4015 1279 4086 pro
1296 4017 1353 4065 re·

314 4108 450 4205 ligione
480 4131 546 4179 sua
572 4106 725 4202 privata,
744 4103 818 4176 sive
842 4126 929 4175 vera
946 4101 1021 4174 sive
1046 4101 1150 4190 falsa,
1178 4104 1352 4178 obedien-

315 4224 403 4296 tiam
418 4221 565 4317 regibus
579 4220 652 4293 suis
670 4217 843 4313 legitimis
862 4217 1055 4311 denegare.
1108 4217 1147 4289 Si
1166 4217 1268 4291 dicat
1287 4218 1351 4292 de-
