2926 4980
448 378 497 443 98
821 380 876 433 nn
895 380 1076 432 ιιοιιιιιιι.

259 600 333 647 39,
347 596 423 645 nn.
446 551 647 653 hujusmodi
672 548 817 620 dubiam
839 544 954 618 videri
984 546 1085 636 facit,
1104 546 1229 642 opinio
1247 557 1394 619 tantum
1414 569 1463 619 esi

268 682 404 702 *d
446 664 639 759 eorumqui
650 660 730 755 plns
741 659 841 753 justo
858 681 897 730 se
911 659 1106 731 aestimont.
1158 659 1255 731 Nam
1267 659 1345 732 fere
1356 682 1452 731 unus

234 750 423 871 222,ss
447 784 593 879 quisque
607 771 861 869 sapientiorem
874 794 913 843 se
926 795 1006 844 esse
1020 771 1138 844 credit
1154 772 1271 846 multo
1290 797 1401 869 quam
1414 796 1452 844 es

234 884 426 987 ππ
445 894 592 993 quinnet
605 911 627 959 e
642 884 763 979 rulgo.
781 883 821 957 id
842 895 909 973 est,
924 909 1035 981 quam
1062 898 1118 957 est
1143 885 1235 958 alius
1261 885 1463 981 quicunqu

236 1008 409 1051 ¹¹¹¹·ss-
440 1024 570 1107 μω
580 1021 714 1097 pancos
727 1020 818 1093 quos
829 1011 982 1093 propter
997 997 1134 1071 famam
1148 999 1203 1071 vel
1217 1010 1371 1095 propter
1385 1022 1455 1071 con

436 1138 580 1195 mm
595 1136 679 1185 cum
696 1111 777 1206 ipso
792 1112 884 1184 solet
909 1112 1095 1185 admirari.
1146 1113 1201 1184 Ea
1216 1112 1314 1184 enim
1332 1124 1388 1184 est
1405 1134 1444 1183 n:

435 1252 515 1307 tun
540 1224 707 1312 hominis,
726 1236 767 1297 ut
793 1249 1003 1321 quanquam
1027 1226 1138 1298 alium
1167 1226 1325 1321 aliquem
1351 1224 1463 1319 seips

434 1340 718 1439 eloquentiorem
729 1337 789 1411 rel
802 1338 1038 1411 eruditiorem
1051 1362 1131 1411 esse
1142 1340 1372 1427 confiteatur,
1382 1362 1454 1433 pru

433 1454 636 1531 «stridorem
663 1462 787 1524 tamen
814 1476 893 1525 esse
925 1474 1146 1548 quemquam
1174 1475 1249 1525 non
1278 1450 1458 1525 concedet

435 1565 624 1663 {ngenium
651 1565 749 1638 enim
776 1567 966 1661 proprium
985 1591 1007 1638 a
1023 1565 1243 1661 propinque,
1262 1564 1421 1637 alienum
1455 1594 1461 1629 ι

433 1679 631 1775 heriginquo
666 1679 818 1774 quisque
852 1690 1006 1774 spectat.
1076 1677 1312 1774 Ingeniorum
1346 1687 1448 1750 aute=

431 1792 653 1889 aequalitatis
679 1804 948 1887 argumentum,
963 1803 1142 1886 quantum
1164 1789 1212 1862 ud
1233 1813 1397 1886 praesens
1414 1790 1453 1863 in

430 1908 601 1981 stitutum
623 1905 768 1994 attinet,
786 1905 987 1978 maximum
1013 1917 1080 1993 est,
1099 1903 1200 1999 quod
1222 1903 1463 1999 unusquisqu

431 2043 497 2091 suo
515 2028 710 2091 contentus
729 2031 795 2091 est.

480 2132 539 2204 Ab
556 2132 767 2228 aequalitate
792 2142 946 2215 nuturae,
964 2133 1082 2205 oritur
1101 2131 1299 2226 unicuique
1316 2155 1371 2221 ea,
1389 2156 1463 2227 qna

432 2245 545 2340 cupit,
573 2244 789 2338 acquirendi
816 2268 910 2340 spes
969 2243 1123 2319 Quoties
1151 2267 1239 2340 ergo
1270 2244 1343 2318 duo
1373 2244 1461 2318 iden

431 2359 597 2455 cupiunt,
617 2383 691 2454 quo
713 2358 786 2431 frui
809 2359 917 2431 ambo
934 2383 1010 2431 non
1027 2369 1193 2455 possunt,
1211 2358 1305 2431 alter
1321 2358 1463 2431 alterin

430 2471 547 2544 hostis
564 2473 619 2562 fit,
634 2483 672 2546 et
689 2472 861 2546 adfinem
879 2472 949 2546 sibi
962 2472 1206 2569 propositum,
1221 2496 1302 2568 quae
1315 2482 1371 2546 est
1384 2497 1453 2545 con

431 2585 591 2660 servatio
614 2587 775 2683 propria,
794 2587 889 2659 alter
910 2587 1068 2659 alterum
1097 2598 1254 2686 conetur
1276 2587 1463 2683 subjugar

431 2699 488 2772 vel
505 2700 724 2773 interficere.
777 2700 906 2796 Itaque
924 2700 985 2773 cui
1001 2699 1144 2772 enimus
1162 2711 1219 2770 est
1228 2698 1391 2771 vicinum
1407 2724 1455 2796 ag

431 2811 636 2908 grediendi,
655 2813 686 2885 si
710 2812 802 2885 nihil
824 2813 872 2885 sit
900 2836 973 2909 quo
995 2811 1223 2884 deterreatur
1245 2824 1381 2906 praeter
1397 2837 1463 2885 ιιιιι

431 2925 540 2997 unius
565 2925 736 3015 hominis
762 2925 905 3021 quoties
931 2949 1026 2998 nnus
1050 2923 1182 3019 aliquis
1209 2948 1339 3020 agrum
1359 2926 1463 3021 paul

432 3038 719 3113 commodiorem
728 3039 936 3135 possiderit,
948 3036 1165 3126 conseverit,
1175 3037 1457 3133 plantaverit,ve

432 3150 720 3242 inaedificeverit,
734 3153 952 3250 expectandi
970 3164 1055 3225 sunt
1068 3151 1130 3225 alii
1143 3153 1280 3225 viribus
1298 3154 1455 3250 conjunc

432 3265 480 3337 tis
496 3266 627 3361 parati,
645 3291 720 3339 non
738 3267 848 3340 modo
872 3267 1008 3339 laboris
1032 3269 1110 3364 ejus
1136 3290 1282 3341 omnem
1299 3266 1459 3340 fructum

434 3378 500 3453 sed
518 3380 628 3453 etiam
641 3381 755 3453 vitam
768 3381 826 3453 vel
843 3381 1051 3453 libertatem
1070 3380 1260 3470 sublaturi,
1278 3380 1375 3453 idem
1392 3406 1457 3455 rur

434 3516 495 3565 sus
513 3494 654 3589 passuri
672 3493 741 3590 ipsi
759 3518 782 3566 a
799 3518 838 3567 se
855 3494 1081 3567 fortioribus.

485 3606 528 3679 In
556 3617 661 3680 tanto
688 3617 727 3680 et
753 3620 882 3681 mutuo
908 3608 1099 3680 hominum
1127 3619 1241 3696 metu,
1268 3608 1463 3682 securitati

434 3718 531 3792 viam
548 3719 737 3792 meliorem
761 3720 873 3793 habet
892 3742 1001 3792 nemo
1029 3718 1315 3815 anticipatione;
1343 3744 1463 3817 nemp

435 3845 477 3906 ut
502 3833 753 3930 unusquisque
770 3834 806 3905 vi
833 3846 870 3906 et
892 3833 977 3906 dolo
1005 3843 1147 3906 ceteros
1174 3857 1301 3906 omnes
1331 3834 1449 3907 tamdi

435 3948 615 4041 subjicere
633 3947 702 4020 sibi
720 3959 886 4035 conetur,
905 3946 1080 4042 quamdiu
1097 3947 1187 4020 alios
1201 3971 1326 4033 essen
1344 3948 1457 4043 quibu

435 4061 505 4134 sibi
518 4061 722 4134 cavendum
737 4073 843 4149 esset,
855 4059 1000 4133 viderit.
1052 4061 1183 4155 Neque
1199 4060 1272 4134 hoc
1285 4061 1402 4155 majus
1419 4084 1458 4132 es

436 4198 545 4269 quam
571 4188 609 4247 et
634 4173 865 4248 conservatio
892 4197 959 4246 sua
981 4174 1156 4271 postulet,
1175 4186 1213 4247 et
1236 4174 1283 4247 ab
1306 4173 1457 4246 omnibu

435 4287 589 4362 concedi
606 4288 712 4362 solet.
765 4287 950 4363 Quoniam
978 4288 1076 4362 enim
1104 4298 1192 4360 sunt
1215 4286 1279 4384 qni
1303 4284 1417 4360 animi
1438 4309 1458 4356 e
