2926 4980
497 363 550 416 na
571 363 777 416 crvrrarn.
1087 350 1153 416 201

120 528 184 624 qui
200 527 301 600 enim
318 527 504 601 observari
521 553 594 602 non
611 542 773 625 possunt.
808 527 1048 623 Temporibus
1066 526 1161 599 anti·
1184 565 1258 614 epp,
1272 565 1371 615 xxv„

122 640 317 736 quissimis,
347 640 462 714 literis
504 641 667 714 nondum
707 641 816 736 vulgo
848 639 1015 735 cognitis,
1049 640 1161 736 leges,
1202 649 1345 762 Μ

122 755 307 827 memoriae
325 778 448 843 eausa,
459 756 620 828 carmine
634 754 969 827 conscribebantur.
1009 754 1161 848 Propter
1202 768 1308 814 civilibus

122 866 278 939 eandem
296 890 441 939 causam
459 867 620 955 Judaeos,
634 881 675 940 ut
693 867 917 962 Decologum
935 865 1060 961 digitis
1087 866 1161 939 suis

121 978 327 1076 alligarent,
339 981 447 1075 jussit
465 980 647 1053 Salomon.
700 979 884 1067 Israelitis,
898 991 940 1051 ut
950 979 1049 1074 leges
1063 980 1161 1051 Deu-

122 1093 320 1165 teronomii
335 1092 429 1166 filios
450 1117 535 1166 suos
555 1092 740 1182 docerent,
767 1115 900 1188 easque
928 1092 1094 1187 postibus
1123 1105 1161 1164 et

118 1206 242 1302 januis
270 1206 463 1279 domorum
490 1205 744 1293 inscriberent,
774 1206 882 1297 jussit
912 1205 1044 1277 Moses.
1096 1206 1161 1277 Est

122 1342 213 1415 ergo
231 1318 277 1391 de
294 1319 453 1391 essentia
467 1318 590 1413 legum
608 1318 660 1391 its
687 1317 874 1407 declarari,
891 1328 935 1388 ut
957 1329 1161 1413 transgres-

122 1432 235 1506 sionis
265 1455 391 1505 earum
414 1432 551 1505 nullam
569 1431 728 1503 habeant
755 1432 853 1502 cives
878 1430 924 1502 ab
953 1430 1162 1526 ignorantia

123 1545 408 1618 excusationem.

175 1658 305 1753 Neque
319 1657 405 1730 satis
419 1668 474 1730 est
490 1670 533 1730 ut
545 1657 605 1730 lex
621 1657 732 1753 ipssa
749 1655 889 1728 civibus
906 1667 1160 1753 cognoscatur,

122 1771 188 1844 aed
215 1771 325 1844 etiem
356 1783 399 1843 ut
423 1770 470 1843 ab
493 1769 714 1842 authoritate
738 1768 954 1863 processerit
977 1768 1084 1857 illius,
1098 1770 1161 1865 qui

122 1907 303 1957 summam
336 1884 448 1956 hebet
480 1895 712 1978 potestatem.
774 1882 977 1977 Legislator
1013 1883 1159 1978 quidem

123 1997 207 2094 quis
219 1997 279 2087 sit,
298 1997 336 2069 in
354 1984 453 2069 omni
471 1996 619 2069 civitate
631 2008 760 2068 notum
778 2017 857 2067 esse
874 1995 1102 2090 supponitur,
1116 2019 1159 2068 ex

123 2134 169 2184 eo
187 2110 287 2208 quod
300 2134 479 2183 consensu
495 2110 720 2206 singulorum
739 2107 872 2180 civium
891 2109 1054 2180 omnium
1073 2133 1159 2181 con-

124 2224 274 2297 stitutus
291 2236 381 2296 erat.
434 2223 663 2318 Cognoscere
685 2233 820 2309 antem,
839 2221 938 2316 quod
955 2220 1015 2293 lex
1033 2222 1078 2292 ab
1096 2222 1158 2294 illo

124 2336 186 2431 qui
201 2360 379 2408 summam
396 2336 509 2408 habet
534 2346 755 2431 potestatem
772 2334 937 2430 profecta
954 2335 1014 2424 sit,
1033 2334 1159 2408 diffici-

124 2448 195 2521 lius
213 2460 287 2532 est;
305 2459 342 2520 et
357 2463 554 2545 propterea
570 2448 683 2543 signis
700 2447 851 2543 indiget,
865 2448 904 2519 id
921 2457 987 2539 est,
999 2448 1161 2521 testimo-

123 2561 195 2634 niis
222 2561 353 2656 quibus
376 2561 595 2647 verificetur,
622 2560 661 2632 id
688 2573 755 2649 est,
773 2584 900 2633 verum
921 2584 1001 2634 esse
1024 2562 1160 2635 scietur

122 2673 279 2770 legema
295 2698 437 2747 summa
446 2685 628 2770 potestate
640 2674 752 2746 latam
765 2697 855 2746 esse.
909 2674 1160 2771 Quaequidem

122 2787 229 2883 signa
245 2787 460 2883 plerumque
478 2800 564 2860 sunt
581 2786 639 2859 vel
657 2787 804 2859 archiva
821 2787 978 2883 publica,
997 2789 1056 2861 vel
1072 2790 1160 2864 civi-

123 2900 212 2973 tatis
246 2900 376 2996 sigilla,
405 2901 463 2972 vel
497 2900 666 2989 ministri,
702 2901 833 2996 quibus
867 2901 1070 2975 authoritas
1100 2906 1161 3000 jus

123 3011 271 3085 dicendi
288 3012 376 3086 deta
392 3025 448 3087 est
464 3038 530 3109 per
547 3013 670 3086 literas
685 3014 803 3109 sigillo
820 3014 966 3109 publico
985 3015 1159 3111 signatas

176 3126 333 3201 Quando
348 3150 435 3223 ergo
450 3127 603 3223 quaestio
623 3139 679 3199 est
693 3125 738 3198 de
756 3127 890 3222 injuria
901 3128 938 3199 in
955 3127 1036 3224 lege
1054 3141 1161 3202 natu·

123 3239 205 3327 rali,
218 3240 332 3335 judex
349 3240 476 3313 talium
494 3265 684 3313 causarum
701 3241 819 3338 legem
833 3253 986 3331 naturae,
1005 3267 1086 3337 quae
1100 3243 1159 3332 sit,

125 3353 332 3449 explicabit.

176 3466 240 3539 Sin
266 3467 304 3539 in
328 3466 407 3562 lege
424 3467 522 3539 civili
546 3468 698 3563 quaestio
716 3468 842 3540 eadem
859 3468 918 3556 sit,
937 3467 1159 3541 consulenda

125 3592 211 3653 sunt
226 3581 386 3668 archiva,
401 3581 463 3653 ubi
480 3581 578 3676 leges
592 3581 738 3677 scriptae
755 3605 798 3653 eo
817 3580 894 3676 ipso
915 3582 988 3653 fine
1012 3604 1158 3652 conser-

124 3704 270 3780 vantur,
287 3705 330 3765 ut
352 3693 390 3765 in
412 3692 531 3766 dubiis
549 3693 809 3776 consulantur;
837 3717 939 3789 quas,
957 3693 988 3765 si
1006 3692 1085 3787 quis
1113 3693 1158 3765 de

125 3806 280 3895 actione,
299 3830 407 3901 quam
437 3807 646 3895 meditatur,
678 3832 725 3880 an
752 3807 853 3879 licita
879 3832 925 3879 an
958 3806 1083 3878 illicita
1112 3806 1159 3879 sit

127 3917 281 4007 dubitat,
313 3919 500 3991 consulere
534 3931 666 4015 potest,
700 3920 773 3991 imo
805 3918 937 4002 debet;
978 3917 1063 4012 quia
1095 3918 1158 4013 qui

127 4029 270 4104 dubitat
281 4032 466 4104 bonumne
483 4055 530 4103 an
551 4032 685 4104 malurn
704 4032 751 4104 sit
765 4031 863 4127 quod
880 4029 1104 4127 aggreditur,
1123 4043 1160 4103 et

129 4154 250 4216 tamen
260 4144 361 4233 facit,
374 4144 492 4240 legem
506 4146 736 4241 contempsit.

177 4255 215 4328 Si
232 4256 421 4330 dubitetur
438 4282 485 4330 an
502 4256 610 4329 alicui
633 4270 675 4330 ut
700 4257 865 4330 ministro
883 4254 1029 4351 publico
1047 4278 1159 4350 praes-
