2926 4980
511 386 564 438 on
585 385 791 438 crvrrnno.
1107 368 1171 434 191

182 551 391 626 Consilium
418 553 514 626 darc
540 553 686 638 dicitur,
710 551 856 649 quando
884 551 965 647 quis
991 550 1080 623 dicit
1106 549 1175 621 hoo
1201 580 1278 630 erp,
1291 579 1358 628 xxv

117 669 195 766 soc
223 667 284 740 vel
312 690 386 739 non
402 666 494 763 foc,
513 666 656 739 consilii
681 667 863 738 rationem
889 666 934 737 ab
953 689 997 738 eo
1025 665 1174 751 ducem,

132 780 231 878 qnod
261 781 405 852 bonum
434 779 468 852 ei
498 781 558 868 sit,
577 779 636 851 cui
654 778 849 851 consilium
879 778 998 850 datur.
1068 778 1176 851 Unde

131 893 372 968 manifestum
389 903 458 980 est,
477 892 672 965 consilium
695 892 845 964 dantem
863 893 1001 964 bonum
1018 902 1178 988 praeten-

133 1008 220 1081 dere
238 1006 353 1079 solius
364 1005 589 1101 accipientis.

183 1121 315 1216 ltaque
343 1119 442 1191 inter
469 1119 662 1192 consilinm
689 1130 727 1192 et
752 1119 945 1218 imperium
973 1118 1180 1191 differentia

133 1258 209 1307 nna
237 1255 375 1328 magna
405 1244 474 1319 est,
501 1232 601 1327 quod
626 1234 696 1305 hoc
722 1232 770 1305 ad
795 1232 997 1329 proprium,
1024 1231 1115 1304 illud
1132 1231 1180 1303 ad

134 1348 295 1421 alienum
324 1346 464 1418 bonum
489 1345 641 1418 tendere
660 1346 888 1441 intelligitur.
941 1347 1064 1441 Atque
1093 1345 1180 1417 hinc

136 1459 347 1534 differentia
372 1459 490 1532 oritur
517 1459 599 1549 alia,
629 1459 728 1555 quod
750 1459 792 1546 is,
811 1460 870 1531 cui
893 1460 1107 1555 imperatur,
1132 1457 1180 1530 ad

135 1573 386 1647 obedientiam
413 1571 570 1667 obligari
586 1574 715 1670 possit,
733 1597 865 1668 nempe
882 1573 912 1644 si
930 1573 1079 1646 obedire
1096 1596 1182 1667 pac·

135 1697 194 1760 tus
210 1685 347 1759 suerit:
376 1684 441 1757 sed
458 1685 501 1774 is,
516 1686 575 1757 cui
593 1686 786 1758 consilium
801 1686 928 1759 datum
943 1698 1010 1774 est,
1023 1697 1065 1758 ut
1075 1687 1183 1782 juxta

136 1799 333 1874 consilium
350 1798 477 1870 datum
492 1808 580 1894 agat
597 1799 752 1894 obligari
769 1823 843 1871 non
861 1810 984 1894 potest
1000 1831 1009 1882 ;
1025 1799 1067 1871 ¹si
1085 1800 1183 1871 enim

135 1912 366 2008 obligaretur
382 1906 504 2005 pacto,
519 1934 595 1983 non
613 1910 769 2007 amplius
781 1912 973 1984 consilium
987 1912 1051 1983 sed
1069 1912 1183 2007 impe-

135 2026 233 2099 rium
244 2034 352 2096 esset.
394 2024 521 2096 Tertia
533 2023 630 2096 inter
641 2024 769 2096 eadem
781 2024 987 2097 differentia
1005 2037 1072 2108 est,
1085 2025 1184 2120 quod

131 2141 192 2236 jus
211 2137 358 2211 consilii
377 2137 488 2210 dandi
503 2137 690 2234 postulare
708 2161 817 2210 nemo
835 2148 979 2234 potest;
1008 2138 1094 2233 quia
1120 2140 1185 2211 bo·

135 2277 228 2326 num
256 2251 326 2324 sibi
344 2275 390 2324 ex
407 2252 560 2325 consilio
581 2252 768 2348 postulare
782 2277 820 2325 se
838 2262 960 2348 negat.

188 2365 251 2439 Ad
277 2377 450 2437 naturam
476 2365 620 2438 consilii
645 2366 805 2461 pertinet
831 2366 942 2438 etiam
973 2365 1056 2453 hoc,
1084 2365 1185 2460 quod

138 2480 293 2553 dantem
313 2479 357 2566 is,
375 2479 439 2575 qni
457 2478 564 2573 petit,
581 2502 702 2574 neque
720 2479 850 2574 punire
868 2502 987 2575 neque
1013 2503 1186 2551 accusare

134 2595 221 2689 jure
238 2599 372 2687 potest.
401 2591 497 2662 Nam
516 2591 578 2687 qui
596 2591 689 2687 petit
708 2591 912 2680 consilium,
929 2592 1080 2664 arbitrio
1095 2592 1186 2664 dan-

139 2704 190 2778 tis
207 2703 290 2777 dari
306 2703 435 2776 voluit.
503 2702 633 2799 ltaque
664 2704 727 2798 qui
753 2704 966 2776 monarchae
983 2705 1042 2776 vel
1073 2706 1186 2778 coetui

140 2817 337 2891 consilium
365 2816 431 2889 dat
447 2818 600 2913 petenti,
620 2819 696 2889 sive
713 2818 858 2913 placeat
877 2818 952 2890 sive
982 2818 1186 2915 displiceat,

140 2931 266 3028 puniri
283 2955 359 3004 non
376 2941 510 3026 potest,
537 2939 579 3002 ut
606 2930 705 3027 quod
731 2931 938 3003 volentibus
965 2932 1091 3004 datum
1118 2942 1185 3005 est.

142 3046 329 3118 Caeterum
347 3043 377 3116 si
393 3044 481 3116 civis
495 3043 566 3115 civi
584 3044 777 3116 consilium
796 3044 858 3116 det
872 3044 1031 3118 faciendi
1049 3046 1188 3142 aliquid

144 3157 248 3254 quod
263 3157 345 3252 lege
373 3155 599 3253 prohibitum
630 3169 698 3246 est,
728 3157 804 3229 sive
832 3159 1024 3231 eonsilium
1052 3159 1143 3231 illnd
1166 3185 1189 3232 a

143 3295 260 3368 prava
270 3269 475 3343 intentione
486 3269 562 3341 sive
573 3270 619 3342 ab
631 3269 840 3365 ignorantia
850 3273 1188 3367 tantumprocedat,

143 3383 269 3480 puniri
287 3382 468 3455 acivitate
481 3395 627 3479 potest;
647 3384 732 3480 quia
749 3384 960 3480 ignorantia
969 3385 1060 3480 legis
1074 3385 1188 3474 illum,

146 3497 210 3593 qni
227 3497 319 3593 legis
337 3495 507 3568 notitiam
525 3497 661 3570 habere
680 3497 818 3586 debuit,
834 3522 907 3570 non
926 3509 1088 3571 excusat.

196 3609 383 3682 Hortatio
401 3621 440 3682 et
453 3609 668 3683 dehortatio
681 3611 873 3683 consilium
885 3612 1032 3706 quidem
1047 3624 1113 3701 est,
1126 3611 1192 3685 sed

146 3732 190 3794 ut
213 3723 280 3794 fiat
309 3722 409 3817 quod
435 3721 515 3795 fieri
542 3723 711 3812 consulit,
739 3725 973 3798 vehementer
998 3725 1190 3820 cupientis

148 3834 247 3908 Nam
273 3836 337 3930 qui
362 3836 543 3924 hortatur,
570 3837 764 3909 severitate
794 3837 1086 3911 ratiocinationis
1116 3862 1191 3910 non

146 3948 276 4037 utitur,
294 3948 360 4021 sed
377 3950 655 4046 quibuscunque
672 3963 795 4045 potest
820 3952 1046 4047 argumentis
1064 3950 1112 4024 ad
1130 3976 1192 4024 ac-

149 4060 289 4134 tionem
307 4060 450 4134 incitat.
503 4063 632 4158 ltaque
649 4063 688 4134 in
706 4064 986 4154 hortationibus
1005 4090 1028 4137 a
1052 4065 1191 4162 passio-

150 4172 257 4246 nibus
280 4185 320 4245 et
345 4173 577 4268 opinionibus
605 4178 859 4250 communibus
886 4193 1103 4274 argumenta
1124 4180 1191 4253 du-

152 4296 251 4377 eunt,
260 4297 491 4382 utunturque
503 4289 748 4384 persuadendi
762 4314 873 4366 causa
883 4292 1192 4380 similitudinibus,

1218 661 1358 693 s-p-ae

1220 727 1253 770 De
1263 726 1358 770 oonsilio.
