2926 4980
346 387 400 439 DE
420 386 615 439 CIVITATE
635 384 903 438 cemsrtsrts.
1070 368 1140 434 441

104 552 243 624 Jesurn.
270 553 318 625 Et
330 577 423 626 vers.
439 563 473 641 2,
489 563 525 642 3,
539 553 668 648 capitis
684 553 869 648 ejusdem:
890 549 1144 640 Paulusocro,
1158 579 1236 628 cnr.
1256 577 1356 628 xnrn.

104 666 203 737 sicut
216 675 467 756 consueuerat,
480 667 649 739 introivit
663 667 718 739 ad
727 676 803 755 eos,
814 676 851 738 ct
862 688 939 762 per
951 662 1145 736 Sabbatha
1159 661 1358 781 siffis

105 780 183 851 triu
202 779 383 852 disseruit
407 806 487 853 cum
513 781 562 853 iis
588 806 634 853 eu
662 778 908 877 Scripturas:
933 776 1143 874 explicans,
1157 786 1358 896 eustorgium·

104 893 205 965 etad
232 895 358 966 oculos
374 918 532 992 pauens,
556 894 769 992 oportuisse
790 891 980 965 Christum
993 891 1094 988 pati,
1107 864 1348 964 affiffl

105 1029 309 1103 resurgere
326 1033 373 1079 eu
391 1007 572 1090 mortuis;
599 1016 637 1078 et
657 1006 752 1079 huuc
768 1003 914 1093 lesum,
936 1028 1043 1100 quem
1061 1027 1145 1101 ego,

105 1116 239 1215 iuquit,
257 1119 438 1191 anuuucio
456 1118 570 1205 vobis,
589 1143 671 1190 esse
692 1117 880 1190 Christum
899 1116 1014 1189 illum.

156 1230 425 1326 Argumentum
443 1231 593 1303 tertium
611 1231 768 1331 sumitur
785 1230 832 1302 ab
849 1230 894 1302 iis
910 1228 1001 1302 loeis
1022 1228 1145 1325 Scrip-

106 1357 212 1429 turae,
231 1368 312 1438 quae
341 1343 451 1415 fidem
482 1367 627 1415 omnem
644 1342 692 1416 ad
718 1343 872 1415 salntem
903 1343 1146 1417 neeessariam

107 1457 236 1530 dicunt
254 1479 332 1529 esse
348 1456 506 1529 facilem.
559 1457 598 1528 Si
615 1456 714 1527 enim
731 1479 898 1528 assensus
909 1455 1022 1528 animi
1034 1455 1147 1529 inter-

105 1595 175 1643 nus
191 1570 239 1642 ad
256 1594 382 1643 ornnes
400 1569 585 1642 doctrinas
602 1568 703 1656 fidei,
721 1591 803 1663 quae
828 1592 928 1641 nunc
954 1568 1145 1657 docentur,

107 1708 261 1780 quarum
278 1707 411 1776 magna
427 1705 512 1778 pars
529 1681 639 1754 hodie
666 1681 885 1776 disputatur,
912 1693 955 1754 ut
979 1705 1146 1755 necessa-

106 1797 181 1870 rius
199 1795 458 1891 requireretur,
475 1794 567 1867 nihil
594 1793 776 1866 difficilius
793 1817 872 1866 esse
889 1807 1014 1890 posset
1032 1818 1143 1890 quam

107 1934 185 1982 esse
197 1908 461 1982 Christianum:
480 1932 549 1980 nec
560 1908 654 1980 latro
666 1907 704 1979 in
715 1907 1145 2001 cruce,(Luc.xxiii.42.)‚

106 2033 258 2118 propter
267 2023 380 2093 verba
389 2021 480 2111 haec,
495 2021 663 2109 Domine,
675 2031 849 2094 memento
861 2023 932 2095 mei
951 2047 1030 2095 cum
1041 2049 1145 2095 uene-

107 2135 164 2206 ris
177 2135 216 2207 in
233 2158 388 2231 reguum
406 2143 516 2222 tuum,
543 2133 676 2228 quibus
701 2132 813 2206 alium
838 2135 1034 2208 articulum
1061 2160 1147 2209 oon·

107 2248 225 2321 fessus
241 2272 317 2321 non
334 2260 390 2319 est
407 2262 543 2343 praeter
560 2248 670 2335 hunc,
691 2246 820 2319 Jesum
841 2272 924 2320 esse
944 2247 1145 2337 Christum,

109 2362 240 2433 salvari
267 2370 462 2457 potuerat:
505 2385 573 2433 nec
607 2371 779 2457 potuerat
813 2361 947 2434 dixisse
979 2362 1147 2437 Christus

113 2474 263 2567 (Matth.
281 2474 330 2546 xi.
350 2477 414 2565 30)
433 2502 441 2544 :
469 2472 608 2571 Jugum
625 2472 875 2570 rneermsacile
893 2484 961 2563 est,
991 2484 1029 2548 et
1056 2499 1147 2549 onus

109 2613 223 2659 meum
254 2587 331 2659 leue
360 2597 442 2659 est:
482 2611 601 2682 neque
632 2586 781 2680 (Matth.
808 2587 906 2659 xviii.
934 2589 987 2682 6.)
1014 2612 1147 2684 parvos

108 2724 242 2795 pueros
256 2700 295 2772 in
313 2700 416 2772 illum
434 2700 608 2772 eredere:
635 2723 704 2771 nec
718 2711 890 2794 potuerat
902 2695 1036 2773 dixisse
1054 2702 1147 2774 Pau·

108 2814 164 2886 lus
202 2815 235 2905 (l
271 2814 354 2886 Cor.
383 2814 405 2886 i.
436 2815 520 2905 21):
562 2810 692 2883 Libuit
725 2810 808 2883 Deo
835 2837 913 2908 per
947 2813 1148 2888 stultitiam

102 2927 390 3026 predicationis
413 2949 568 2998 seruare
595 2925 811 2997 credentes:
839 2949 958 3021 neque
976 2926 1147 3024 denique,

109 3041 241 3114 Paulus
271 3041 348 3136 ipse
376 3053 452 3112 tam
480 3040 600 3112 subito
630 3038 869 3127 Christianus
895 3040 1149 3114 multominus

109 3153 250 3227 Doctor
279 3154 440 3227 ecelesiae
466 3154 556 3226 adeo
583 3152 758 3240 eminens,
786 3152 866 3225 fieri
882 3165 1065 3247 potuerat,
1085 3156 1147 3250 qui

110 3266 156 3339 de
175 3266 573 3355 transubstantiatione,
591 3266 819 3361 purgatorio,
837 3265 989 3361 aliisque
1016 3269 1149 3340 articu-

110 3379 154 3452 lis
172 3380 294 3452 multis
321 3403 402 3474 quae
427 3402 526 3451 nune
551 3377 810 3466 obtruduntur,
843 3403 1031 3476 nunquam
1049 3382 1149 3476 quic-

111 3517 222 3588 quam
239 3492 416 3565 audierat.

161 3606 430 3700 Argumentum
454 3617 625 3700 quartum
656 3604 814 3676 sumitur
842 3630 864 3679 a
889 3605 980 3678 loeis
999 3608 1150 3703 quibus·

112 3719 208 3802 dam,
233 3718 278 3791 de
306 3742 462 3814 qnorum
488 3718 794 3812 interpretatione
820 3742 1009 3814 nunquam
1027 3722 1150 3797 extitit

111 3831 370 3917 controversia,
381 3842 424 3902 ut
433 3830 455 3902 J
458 3830 517 3902 oh.
528 3855 562 3901 v.
579 3839 649 3903 39:
670 3830 898 3904 Scrutamini
911 3834 1148 3931 Scripturas,

110 3946 200 4043 quia
213 3944 388 4018 uidemini
397 3942 500 4015 aubis
513 3942 552 4015 in
566 3944 662 4042 ipsis
675 3943 788 4016 uitam
802 3955 976 4018 aternam
989 3947 1149 4031 ltabere;

110 4071 148 4131 et
167 4058 245 4132 ilice
266 4068 351 4131 suut
377 4082 458 4155 qua
475 4066 664 4130 testantur
682 4058 729 4130 de
747 4083 814 4130 me.
867 4059 1066 4154 Scripturae
1084 4084 1148 4133 au-

39 4184 43 4194 '
111 4186 186 4245 tem
203 4173 287 4261 illae,
305 4171 385 4244 aliae
402 4194 476 4242 non
494 4180 599 4242 erant
623 4181 759 4265 praeter
784 4171 1059 4246 Testamentum
1077 4174 1148 4246 Ve-

110 4297 195 4370 tus;
222 4285 369 4357 Novum
387 4283 484 4355 enim
501 4283 664 4356 nondum
681 4284 856 4379 seriptum
874 4297 966 4358 erat.
1019 4288 1092 4360 Sed
1109 4288 1148 4361 in

110 4400 345 4473 Testamenta
358 4397 493 4472 Vetere
506 4394 552 4469 de
570 4395 720 4471 Christo
735 4396 828 4472 nibil
841 4398 1039 4491 invenitur,
1056 4425 1149 4498 prse-
