2926 4980
334 329 382 397 50
723 344 777 395 os
797 339 980 396 pontus.

150 540 230 595 031³,
241 543 291 595 η,
333 510 478 583 sionum
494 509 732 594 voluntariae3
759 510 864 607 signa
888 522 1012 584 autem
1040 522 1144 582 certa
1168 527 1243 582 non
1261 517 1372 590 sunt;

122 626 289 733 Do]
334 623 457 718 idque,
484 623 571 718 quia
590 624 797 697 voluntaria
822 636 919 698 sunt.
972 623 1153 697 Passionis
1179 620 1373 718 praesentis

121 703 215 798 mlii
226 703 299 831 filiun
336 736 540 808 certissima
565 735 670 830 signa
694 750 780 808 suut
804 735 878 825 illa,
897 760 980 832 quae
997 735 1150 822 avultu,
1167 747 1286 830 gestu,
1312 755 1372 805 ac·

122 819 297 871 'mmm
332 849 507 937 tionibuS,
525 848 669 937 finibus,
688 848 918 945 negotiisque
935 847 1126 921 hominum
1139 847 1345 943 capiuntur.

386 962 570 1037 Quoniam
583 962 622 1034 in
635 961 909 1050 deliberatione,
919 961 1104 1058 appetitus
1117 972 1154 1033 et
1167 960 1374 1032 aversiones

335 1087 572 1172 aprospectu
593 1075 775 1147 bonorum
801 1085 839 1147 et
865 1073 1045 1147 malorum
1070 1070 1374 1170 consequentium

335 1189 530 1276 actionem,
562 1186 608 1259 de
639 1211 712 1283 qua
738 1186 994 1277 deliberamus
1024 1187 1178 1260 alternae
1211 1196 1307 1273 sunt,
1335 1197 1375 1257 et

336 1314 504 1375 catenam
537 1300 687 1397 longam
716 1300 858 1374 faciunt
886 1300 1241 1397 consequentiarum,
1270 1302 1375 1396 quus

335 1417 446 1490 finem
463 1438 713 1511 saepenumero
730 1438 805 1487 non
821 1414 986 1487 videmus
1002 1446 1011 1499 ;
1038 1415 1068 1487 si
1095 1414 1134 1486 in
1160 1425 1289 1486 catena
1312 1412 1376 1484 illa

335 1531 414 1603 visa
426 1529 501 1601 sint
514 1527 775 1623 consequentia
784 1527 891 1623 plura
906 1528 1004 1600 bona
1014 1552 1123 1622 quam
1134 1527 1240 1615 mala,
1254 1537 1376 1599 totum

336 1653 578 1740 aggregatum
605 1640 733 1714 bonum
759 1652 815 1714 est
842 1666 1035 1739 apparens
1047 1669 1060 1725 ;
1092 1642 1123 1714 si
1147 1643 1253 1737 plura
1279 1640 1377 1714 mala

337 1756 568 1852 quambona,
581 1765 671 1827 tunc
685 1766 806 1828 totum
817 1756 951 1828 molam
964 1778 1156 1853 apparens
1168 1767 1235 1827 est.
1262 1754 1298 1826 Is
1308 1753 1377 1850 igi-

336 1878 409 1956 tur,
427 1867 491 1964 qui
507 1867 787 1940 ratiocinatione
803 1867 863 1941 vel
881 1868 1108 1963 experientia
1123 1866 1374 1962 longissimum

337 1981 408 2053 sibi
419 1981 762 2076 consequentiarum
775 1993 1008 2077 prospectum
1020 1980 1225 2076 acquisivit,
1239 1981 1377 2076 optime

335 2093 526 2182 deliberat,
544 2104 583 2167 et
599 2094 759 2190 optimus
775 2093 854 2167 aliis
871 2094 1096 2167 consiliarius
1113 2116 1191 2166 esse
1207 2104 1342 2189 potest.

388 2209 588 2304 Perpetuus
604 2207 643 2279 in
658 2208 768 2280 rebus
789 2206 921 2302 cupitis
935 2207 1053 2279 bonus
1070 2229 1269 2295 successus,
1287 2206 1380 2281 illud

336 2321 457 2417 ipsum
475 2332 533 2393 est
550 2320 650 2416 quod
665 2321 790 2394 vocari
803 2321 897 2394 solet
905 2320 1100 2419 felicitas.
1153 2320 1379 2394 Felicitatem

339 2433 507 2529 intelligo
537 2433 729 2528 praesentis
760 2433 857 2507 vitae.
909 2433 1021 2508 Nulla
1054 2433 1151 2506 enim
1182 2444 1237 2506 est
1267 2433 1378 2506 animi

337 2550 427 2623 dum
444 2550 599 2623 vivimus
616 2561 795 2647 perpetua
810 2550 1055 2646 tranquillitas
1069 2581 1079 2633 ;
1107 2550 1193 2646 quia
1209 2550 1285 2623 vita
1301 2551 1380 2647 ipsa

338 2674 460 2736 motus
479 2675 546 2754 est,
563 2687 683 2759 neque
700 2662 778 2736 sine
796 2664 1008 2761 cupiditate,
1023 2675 1208 2760 metuque,
1227 2663 1380 2760 aliisque

338 2776 569 2871 passionibus
587 2777 709 2849 vivere
736 2777 847 2850 homo
869 2788 1001 2874 potest,
1020 2777 1137 2873 magis
1163 2800 1274 2871 quam
1302 2778 1380 2850 sine

338 2912 458 2962 sensu.

390 3000 562 3074 Formula
577 3003 768 3092 sermonis,
783 3027 855 3099 qua
868 3004 949 3099 quis
966 3004 1173 3100 opinionem
1188 3026 1292 3075 suam
1309 3003 1380 3099 sig-

340 3113 467 3187 nificat
481 3113 527 3186 de
544 3114 698 3210 alicujus
715 3115 768 3188 rei
783 3114 960 3205 bonitate,
978 3116 1063 3189 loos
1080 3126 1145 3188 est.
1197 3115 1378 3204 Formula,

341 3251 414 3324 qua
440 3226 623 3323 significat
644 3228 854 3324 potentiam
879 3240 916 3301 et
932 3227 1223 3327 magnitudinem
1238 3229 1305 3316 rei,
1323 3239 1380 3300 est

340 3340 610 3439 magnificatio.
662 3341 844 3430 Formula,
863 3366 937 3438 qua
961 3341 1144 3438 significat
1170 3341 1380 3437 opinionem
1406 3417 1408 3423 ,

342 3477 452 3550 quam
468 3454 579 3527 habet
596 3454 642 3527 de
655 3454 808 3552 alicujus
811 3455 1025 3553 felicitate,
1036 3479 1060 3528 a
1076 3455 1212 3529 Graecis
1228 3466 1382 3528 vocatur

340 3568 550 3664 μακαρισμὸς.

392 3679 514 3775 Atque
531 3680 611 3753 haec
634 3678 680 3752 de
702 3678 957 3778 passionibus,
975 3691 1157 3774 quatenus
1173 3680 1222 3754 ad
1238 3681 1382 3754 institu-

342 3801 422 3863 tum
439 3816 613 3888 praesens,
631 3793 731 3868 dicta
747 3792 938 3868 sufficiant.
