2926 4980
525 387 578 436 nn
599 386 805 437 civiuunu.
1117 368 1189 435 259

149 554 227 641 bus
257 563 300 625 ut
325 576 478 651 preces,
506 553 723 650 gratiarum
754 552 867 639 actio,
894 563 932 622 et
962 549 1186 622 obedientia.
1212 583 1402 633 mmm,

151 665 233 737 Alia
250 667 355 761 signa
370 667 519 739 honoris
536 667 630 738 fiunt
647 689 712 761 per
723 667 950 738 voluntatem
963 665 1020 736 vel
1035 687 1187 736 cousue—
1234 663 1376 777 Π

151 778 316 851 tudinem
336 778 549 861 hominum;
577 791 614 850 et
639 777 791 874 proinde
808 779 846 850 in
864 778 1089 873 temporibus
1111 776 1190 872 qui-
1234 748 1385 844 oniforus

151 891 303 964 busdam
330 906 368 965 et
393 893 481 965 locis
499 893 702 965 honorifica
719 904 816 980 sunt,
834 893 872 965 iu
890 893 970 965 aliis
987 916 1061 964 non
1081 902 1167 963 sunt
1185 939 1191 976 ;

152 1006 272 1101 qualia
288 1020 373 1078 sunt
390 1007 606 1079 ceremoniae
632 1017 669 1078 et
695 1015 832 1101 gestus
851 1006 981 1100 quibus
998 1006 1094 1078 inter
1110 1027 1193 1100 pre-

152 1119 497 1209 candumhomiues‚
510 1119 662 1192 diversis
680 1120 904 1214 temporibus
915 1132 953 1192 et
970 1119 1070 1204 loeis,
1085 1129 1193 1190 utun-

154 1245 213 1303 tur
231 1232 404 1314 diversis3
432 1244 469 1304 et
486 1232 560 1305 diei
577 1244 731 1328 possunt
749 1230 870 1303 cultus
885 1230 1128 1303 arbitrarius.

203 1344 332 1417 Cultus
349 1346 565 1417 arbitrarius
583 1345 674 1416 alius
692 1355 747 1416 est
765 1343 983 1440 imperatus,
1001 1356 1042 1416 ut
1064 1344 1126 1440 qui
1145 1344 1193 1416 sit

153 1457 303 1530 arbitrio
320 1459 558 1553 imperantis3
586 1457 677 1530 alius
694 1456 936 1529 voluntarius.

203 1572 354 1660 Rursus,
365 1571 458 1644 alius
471 1584 528 1644 est
535 1570 724 1668 publicus,
737 1570 829 1641 alius
837 1569 1028 1665 privatus.
1064 1569 1194 1642 Publi-

153 1708 217 1756 cus
232 1696 287 1757 est
305 1687 424 1758 cultus
448 1685 607 1757 civitatis
623 1715 632 1766 ;
652 1683 843 1781 privatus,
861 1682 1019 1755 hominis
1045 1682 1190 1777 privati,

153 1797 228 1869 sive
259 1797 357 1869 civis.
412 1795 600 1884 Publicus,
619 1809 787 1891 respectu
814 1796 983 1882 civitatis
1003 1795 1096 1867 liber
1125 1809 1193 1870 est.

155 1909 258 1997 Item,
277 1910 395 1983 cultus
419 1910 609 2007 privatus,
638 1921 799 1983 secretus
827 1909 986 2006 quidem,
1009 1910 1127 1993 liber3
1155 1910 1194 1983 in

153 2023 349 2118 praesentia
382 2034 505 2094 autem
536 2022 780 2095 multitudinis
810 2045 998 2117 uunquam
1029 2036 1086 2095 est
1116 2023 1193 2095 sine

155 2146 254 2207 metu
274 2135 407 2230 aliquo,
426 2136 484 2207 vel
507 2159 529 2206 a
549 2136 690 2231 legibus
711 2137 768 2208 vel
792 2161 814 2207 a
840 2136 1045 2208 reverentia
1072 2148 1194 2209 astan-

154 2249 273 2330 tium;
311 2271 466 2342 quorum
493 2259 690 2343 utrumque
721 2249 928 2321 libertatem
962 2249 1193 2343 aliquatenus

156 2360 337 2432 diminuit.

204 2461 302 2532 Finis
328 2473 480 2557 propter
508 2485 616 2556 quem
644 2461 714 2532 ooli
745 2484 783 2532 se
806 2461 920 2533 velint
940 2461 1117 2551 homines,
1137 2474 1192 2535 est

154 2574 329 2668 potentia.
382 2575 502 2648 Quem
523 2575 621 2646 enim
648 2574 720 2646 coli
746 2573 883 2662 vident,
902 2585 1090 2670 potentem
1116 2599 1194 2648 esse

156 2686 376 2782 intelligunt.
438 2687 564 2759 Finem
591 2698 715 2759 autem
740 2699 890 2782 propter
916 2710 1024 2782 quem
1052 2687 1124 2759 ooli
1155 2712 1194 2761 se

157 2799 243 2872 velit
268 2799 366 2872 Deus
392 2801 635 2896 omnipotens,
653 2801 794 2873 nullum
819 2800 927 2874 video
950 2812 1195 2897 praeterquam

156 2924 197 2984 ut
213 2912 417 2984 benefaciat
435 2913 560 2997 nobis;
588 2914 782 3008 cultusque
809 2925 933 2987 noster
951 2914 1097 2987 debitus
1115 2928 1194 3002 est;

157 3038 195 3098 et
213 3025 264 3097 illi
279 3026 385 3120 juxta
401 3026 607 3098 honorandi
624 3026 780 3122 regulas,
800 3050 890 3123 quas
908 3027 1002 3099 ratio
1019 3028 1196 3101 naturalis

156 3136 271 3211 dictat
288 3138 555 3234 potentioribus
570 3141 721 3212 aminus
731 3140 941 3236 potentibus
951 3141 1197 3216 observandas

157 3274 245 3340 esse,
263 3252 351 3325 boui
368 3253 594 3349 adipiscendi
610 3254 668 3326 vel
692 3254 815 3327 damni
831 3254 971 3327 vitandi
992 3279 1114 3343 causo,
1133 3280 1195 3329 ex-

157 3364 347 3437 hibendus.

208 3478 309 3550 Inter
325 3478 515 3564 attributo,
534 3502 614 3573 quae
631 3479 710 3551 Deo
728 3478 852 3551 debita
874 3503 953 3552 esse
971 3479 1109 3552 lumine
1126 3505 1192 3554 na-

158 3591 266 3663 turali
286 3591 534 3687 intelligimus,
548 3591 706 3687 primum
720 3603 775 3664 est
789 3592 1003 3678 existentia,
1022 3592 1061 3664 id
1074 3605 1140 3682 est,
1152 3606 1195 3666 ut

158 3705 399 3776 confiteamur
413 3703 532 3776 Deum
545 3728 637 3776 esse.
691 3706 884 3777 Honorare
901 3706 998 3778 enim
1010 3706 1108 3803 quod
1121 3730 1195 3779 non

158 3829 329 3913 putamus
348 3841 440 3905 esse,
459 3818 680 3913 impossibile
694 3832 760 3890 est.

208 3929 415 4002 Secundum
446 3942 501 4002 est
531 3930 807 4027 omnipotentia,
836 3945 873 4005 et
904 3933 1002 4028 quod
1032 3935 1194 4007 omnium

158 4064 279 4113 rerum
310 4042 480 4115 conditor
510 4055 564 4115 est
592 4060 629 4115 et
660 4057 793 4116 rector.
847 4046 920 4120 Qui
951 4046 1079 4118 dicunt
1106 4071 1194 4143 ergo

159 4153 334 4226 mundum
353 4169 529 4227 aeteruum
548 4178 638 4241 esse,
657 4155 774 4228 Deum
788 4181 862 4229 non
880 4158 1064 4231 honorant
1081 4183 1195 4254 quan-

161 4277 240 4339 tum
256 4278 430 4363 possunt:
457 4290 576 4364 neque
593 4267 656 4357 illi,
676 4268 738 4364 qui
755 4269 874 4343 Deum
885 4294 1008 4347 rerum
1017 4272 1196 4345 humana·

159 4403 241 4452 rum
258 4404 384 4454 euram
400 4380 535 4453 habere
555 4393 701 4476 negant.
1041 4407 1097 4458 επ
