2926 4980
141 546 219 596 CAP.
232 546 317 598 xum.

158 631 301 663 »νγ-ω

155 697 190 741 Do
199 704 304 755 potestate

342 335 415 401 434
586 350 639 404 nn
659 353 852 405 civrrurn
871 353 1139 407 cnmsrrnuu.

393 514 585 589 Hactenus
602 517 648 590 de
665 529 847 614 potestate
862 520 1128 607 ecclesiastica;
1154 520 1221 593 ubi
1237 521 1393 595 brevior

342 624 502 718 finissem,
537 633 833 729 argumentisque
873 635 1082 708 Bellarmini
1121 635 1391 732 pepercissem,

153 763 307 810 marusa
343 741 413 813 nisi
441 742 596 816 fuissent
624 744 846 837 Beliarmini,
877 747 915 820 id
949 761 1016 837 est,
1041 749 1284 845 pontificatus
1314 749 1393 824 Ro-

342 855 439 927 mani
458 869 587 931 contra
603 883 708 955 reges
727 860 954 935 Christianos
970 860 1115 959 pugilis.

701 1172 861 1246 CAPUT
885 1173 1021 1247 XLIII.

364 1334 411 1384 ns
431 1334 487 1399 us,
505 1334 585 1390 Qun
604 1334 651 1382 ao
671 1333 923 1384 aucurrtousu
943 1335 979 1384 ru
1000 1335 1148 1384 anouuu
1167 1335 1361 1387 coenoauu

685 1434 775 1483 suur
800 1435 1027 1485 uacussasm.

339 1538 605 1611 Summonuit
620 1548 656 1610 et
673 1538 758 1611 belli
773 1539 888 1611 civilis
906 1539 945 1611 in
962 1539 1071 1611 rebus
1086 1537 1243 1635 publicis
1256 1538 1391 1614 Chris·

338 1651 448 1724 tionis
481 1661 680 1746 praetextus
706 1651 1020 1748 frequentissimus
1046 1650 1266 1748 jamdudum
1297 1653 1389 1744 fluit,

338 1762 544 1852 difficultas,
575 1764 738 1837 nondum
766 1766 855 1838 satis
883 1765 1037 1853 sublata,
1067 1765 1145 1838 Deo
1172 1775 1210 1837 et
1236 1765 1390 1842 homini

337 1878 443 1950 simul
462 1877 668 1963 obediendi,
687 1879 833 1974 quando
850 1903 1015 1974 pugnare
1033 1879 1130 1951 inter
1146 1901 1185 1951 se
1201 1878 1389 1954 videntur

337 2015 463 2064 eorum
493 1992 683 2087 imperata.
737 1992 821 2064 Non
852 1992 951 2088 quod
976 1992 1034 2080 sit,
1059 1991 1122 2087 qui
1147 1992 1266 2064 nescit
1298 1993 1387 2069 Deo

336 2104 579 2178 obediendum
606 2106 729 2201 potius
752 2129 958 2201 essequam
983 2105 1123 2178 homini
1146 2105 1385 2203 cuicunqne;

336 2219 401 2292 sed
427 2219 528 2315 quod
557 2220 724 2292 nesciant
749 2219 957 2315 aliquando,
976 2244 1024 2292 an
1046 2219 1097 2308 id,
1116 2218 1215 2315 quod
1241 2219 1282 2291 in
1308 2221 1385 2295 Dei

335 2334 483 2406 nomine
500 2334 718 2428 imperatum
737 2344 794 2405 est
810 2334 856 2405 ab
874 2333 1032 2422 homine,
1052 2334 1100 2405 sit
1115 2356 1244 2405 revera
1259 2332 1385 2430 impe-

336 2459 456 2519 ratum
474 2446 600 2532 aDe0,
619 2469 663 2517 an
684 2447 745 2540 qui
763 2446 930 2540 imperat,
948 2446 995 2518 ad
1022 2446 1210 2541 proprium
1236 2446 1383 2520 emolu-

337 2573 500 2632 mentum
527 2559 674 2631 nomine
702 2559 770 2631 Dei
797 2561 981 2632 abutatur.
1035 2560 1137 2632 Sicut
1163 2558 1260 2631 enim
1286 2560 1381 2633 olim

336 2674 375 2746 in
393 2672 546 2745 ecclesia
563 2671 777 2745 Judaeorum
806 2672 911 2744 multi
935 2696 1124 2744 surrexere
1147 2671 1380 2768 pseudopro-

335 2788 470 2883 phetae,
497 2786 559 2881 qui
590 2787 715 2882 populi
746 2786 908 2858 favorem
935 2786 1083 2858 somniis
1112 2797 1149 2858 et
1173 2785 1378 2860 visionibus

335 2901 430 2973 fictis
460 2909 723 2994 captaverunt;
757 2899 809 2971 ita
837 2899 947 2971 etiam
975 2899 1012 2971 in
1041 2898 1195 2972 ecclesia
1225 2899 1376 2990 Christi,

335 3013 416 3086 falsi
435 3012 583 3108 quidam
600 3036 665 3107 per
683 3014 806 3084 omnia
824 3025 991 3108 tempora
1007 3013 1160 3085 extitere
1188 3012 1375 3102 doctores

336 3127 397 3221 qui
426 3125 730 3197 existimationem
765 3125 863 3221 apud
888 3124 1064 3220 populum
1093 3149 1159 3221 per
1185 3124 1374 3199 doctrinas

335 3239 443 3311 falsas
474 3249 511 3310 et
536 3238 749 3310 fantasticas
779 3238 943 3310 obtinere
969 3237 1199 3325 studuerunt,
1218 3262 1261 3309 eo
1282 3236 1375 3325 fine,

335 3366 377 3425 ut
395 3376 479 3425 cum
496 3352 598 3423 lucro
611 3351 760 3446 proprio
778 3374 840 3423 eos
857 3361 1037 3445 regerent.

385 3465 522 3537 Verum
553 3463 635 3553 illis,
671 3464 733 3558 qui
764 3462 987 3557 distinguere
1022 3473 1174 3558 possunt
1199 3463 1296 3535 inter
1330 3488 1376 3537 ea

336 3603 417 3673 quac
430 3578 477 3650 ad
494 3577 740 3673 receptionem
758 3577 796 3649 in
810 3600 964 3672 regnum
976 3575 1044 3648 Dei
1059 3576 1262 3649 necessaria
1274 3590 1373 3668 sunt,

335 3701 373 3763 et
396 3716 478 3787 quac
501 3691 706 3764 necessaria
727 3715 801 3762 non
832 3703 928 3779 sunt,
948 3689 1141 3763 difficultas
1166 3691 1246 3763 haec
1263 3691 1374 3764 simui

335 3804 530 3877 obediendi
549 3805 626 3877 Deo
644 3815 681 3876 et
699 3828 849 3875 summae
867 3804 1039 3899 potestati
1062 3803 1171 3892 civili,
1190 3803 1290 3876 nulla
1303 3819 1372 3878 est.

336 3918 522 4014 Siquidem
550 3917 658 4006 enim,
686 3916 784 4011 quod
813 3917 1013 4011 imperatur
1040 3940 1063 3988 a
1088 3940 1230 3989 summo
1256 3917 1372 4014 impe-

334 4043 438 4104 rante
457 4031 552 4103 civili
574 4031 646 4103 tale
670 4030 728 4118 sit,
746 4044 788 4102 ut
815 4029 955 4102 obediri
982 4029 1097 4125 possit
1126 4030 1204 4102 sine
1226 4031 1372 4126 jactura

332 4144 417 4218 vitae
434 4159 581 4218 aeternae
598 4155 722 4228 ;tunc
749 4167 825 4215 nou
854 4142 1002 4215 obedire
1028 4143 1204 4237 injustum
1227 4156 1307 4228 est;
1334 4154 1371 4217 et

331 4259 452 4332 Iocum
463 4259 575 4331 habet
587 4269 812 4353 praeceptum
826 4257 981 4352 apostoli
999 4255 1234 4349 (solutam
1250 4256 1370 4346 Servi,

332 4371 481 4445 obedite
508 4371 665 4445 άοηιίηἱε
695 4369 832 4443 cestria
860 4370 897 4443 ia
924 4368 1087 4443 ominibus
1101 4397 1115 4455 ,·
1141 4381 1179 4444 et
1205 4370 1298 4465 (Col.
1316 4370 1368 4444 iii.
