2926 4980
497 391 551 443 on
571 389 780 443 crvrraru.
1092 369 1161 434 159

111 574 207 650 tum,
226 560 292 656 qui
309 560 350 632 in
368 581 497 632 causas
507 571 548 631 et
563 569 735 630 naturam
751 579 875 629 rerum
889 553 1051 627 civilium
1067 573 1163 623 nun-

115 698 229 773 quam
253 672 440 771 profunde
461 672 710 769 imperarunt,
737 669 937 742 invalidum
963 680 1032 741 est.
1083 663 1163 738 Etsi

115 788 217 861 enim
233 785 404 860 homines
420 785 661 858 fimdamenta
678 782 871 857 domorum
889 804 1037 854 suarum
1052 802 1162 874 super

118 924 270 974 arenam
287 899 523 987 collocarent,
540 921 617 971 non
634 908 760 970 tamen
784 895 871 968 inde
896 893 1023 967 inferri
1040 903 1163 989 potest

119 1026 163 1088 nt
178 1014 233 1087 ita
247 1012 330 1086 fieri
348 1012 492 1085 debeat.
556 1011 719 1084 Scientia
743 1006 993 1083 constituendi
1016 1029 1162 1079 conser-

119 1126 306 1223 vandique
320 1125 500 1215 civitates,
518 1124 665 1219 regulas
682 1134 801 1196 certus
814 1123 927 1195 habet
941 1133 978 1194 et
991 1118 1164 1193 infallibi-

120 1239 174 1313 lee
190 1264 268 1313 non
286 1239 409 1312 minus
426 1263 535 1336 quam
552 1237 786 1312 arithmetica
799 1249 839 1310 et
850 1235 1073 1332 geometria3
1100 1257 1165 1306 ne-

121 1376 193 1451 que
209 1353 258 1427 ab
275 1376 348 1427 usu
373 1365 518 1426 tantum
543 1351 738 1448 dependet.
805 1350 907 1425 Quas
933 1348 1079 1444 regulas
1102 1371 1165 1420 ex-

122 1466 312 1565 cogitandi
329 1466 447 1538 otium
461 1488 584 1563 neque
601 1465 810 1538 habuemnt
829 1484 1020 1559 pauperes,
1046 1485 1166 1557 neque

121 1582 184 1678 qui
201 1580 320 1654 otium
346 1590 387 1653 et
411 1580 638 1653 voluntatem
655 1578 829 1665 habuere,
847 1600 920 1672 qna
936 1574 1110 1648 methodo
1128 1573 1167 1647 id

121 1694 334 1769 faciendum
353 1708 435 1768 erat
450 1693 722 1767 intellexeruut.

557 1928 753 1962 w

503 2115 668 2189 CAPUT
692 2115 798 2189 XXI.

432 2272 479 2322 ou
498 2273 698 2322 einamma
717 2273 856 2323 r1v1ou.

127 2372 315 2446 tibertus
341 2375 524 2472 significat
545 2375 693 2472 proprie
710 2377 914 2450 absentiam
930 2376 1171 2473 impedimen-

127 2500 252 2562 torum
281 2501 405 2562 motus
433 2501 692 2575 externorum3
719 2502 758 2563 et
786 2490 923 2563 dicitur
956 2514 1032 2563 non
1050 2490 1171 2562 minus

128 2601 175 2675 de
191 2602 304 2676 rebus
313 2602 587 2677 irrationalibus
599 2614 638 2675 et
655 2603 877 2691 inanimatis,
894 2627 1003 2699 quam
1015 2603 1172 2676 rationa-

127 2716 237 2790 libus.
291 2716 478 2811 Quicquid
494 2716 591 2789 enim
610 2717 662 2789 ita
678 2715 816 2813 ligatur
841 2717 901 2789 vel
927 2716 1172 2805 concluditur,

129 2841 176 2903 ut
191 2828 263 2902 nisi
288 2828 328 2900 in
353 2830 471 2925 spatio
497 2830 543 2902 ab
569 2829 730 2902 externis
758 2831 973 2926 corporibus
999 2831 1172 2903 determi-

127 2953 220 3016 nato
229 2942 369 3015 moveri
382 2953 553 3038 nequeat,
567 2943 607 3016 id
619 2943 773 3016 ulterius
786 2943 1047 3039 progrediendi
1061 2943 1174 3016 libcr-

127 3066 214 3130 tatc
235 3078 362 3128 carere
383 3055 550 3129 dicimus.
603 3056 734 3152 Itaque
752 3057 925 3130 animalia
946 3056 1035 3128 dum
1060 3056 1173 3129 muris

128 3167 371 3241 includuntur
383 3169 442 3242 vel
455 3168 593 3242 catenis
603 3168 651 3241 ad
667 3169 789 3242 locum
807 3182 950 3243 certum
963 3170 1173 3266 alligantur,

129 3281 244 3355 eundi
271 3305 343 3379 quo
373 3282 512 3379 alioqui
545 3281 643 3355 itura
676 3295 799 3356 essent
829 3283 1008 3356 libertate
1033 3294 1174 3356 carent.

131 3394 294 3470 Quando
312 3419 397 3469 vero
412 3392 716 3492 impedimentum
733 3396 772 3468 in
789 3397 870 3492 ipsa
886 3408 944 3469 est
959 3405 1092 3469 natura
1108 3397 1174 3485 rei,

129 3531 207 3580 non
225 3506 404 3580 libertate
421 3507 487 3581 sed
496 3509 674 3606 potentia
701 3532 827 3582 carere
855 3509 1012 3592 dicitnr;
1039 3508 1094 3581 sic
1112 3510 1178 3582 ho·

130 3642 207 3708 mo,
236 3621 300 3716 qui
326 3621 458 3694 morbo
474 3623 603 3696 affixus
629 3623 727 3697 lecto
754 3635 822 3712 est,
849 3622 961 3696 eundi
985 3622 1175 3721 potentio,

132 3757 209 3807 non
235 3733 426 3825 libertate,
452 3735 590 3831 privari
616 3737 766 3810 dicitur.

183 3847 297 3922 Juxta
309 3849 406 3923 hanc
422 3849 610 3946 propriam
622 3863 660 3924 et
677 3862 865 3947 receptam
877 3851 976 3923 vocis
994 3849 1178 3945 significa-

134 3960 284 4052 tionem,
304 3961 403 4035 liber
420 3962 557 4039 dicitur
573 3962 604 4035 is
630 3963 694 4058 qui
721 3989 767 4037 ex
796 3963 853 4053 iis,
877 3987 960 4059 quae
977 3962 1115 4035 viribus
1140 3975 1179 4036 et

137 4085 216 4148 arto
230 4076 384 4173 propriu
398 4076 521 4149 facere
537 4087 672 4172 potest,
691 4079 780 4175 quin
792 4077 905 4151 faciat
917 4075 1089 4172 quicquid
1101 4076 1181 4150 vult

138 4210 213 4262 nou
226 4188 437 4285 impeditur.
491 4189 565 4263 Sed
581 4213 689 4263 voces
702 4188 798 4263 liber
815 4202 854 4262 et
871 4188 1034 4263 libertae
1051 4189 1114 4284 qui
1131 4190 1179 4262 ad

137 4299 226 4377 eliae
238 4325 299 4376 ree
311 4314 449 4399 proeter
460 4326 616 4400 corpora
625 4302 823 4400 applicant,
836 4303 1049 4377 abutuntur.
1070 4300 1180 4376 Quod

1202 581 1280 630 caP.
1295 579 1358 628 XX.

1203 662 1347 697 »v«

1205 733 1240 777 De
1249 731 1347 775 dominio

1204 803 1296 855 paterno
1304 801 1327 838 et

1205 862 1321 920 despotieo.
