2926 4980
364 333 411 397 44
756 349 810 400 nn
830 346 1013 400 noman.

179 543 319 599 canui.
363 539 470 589 surae.
523 516 704 606 Secundo,
734 527 846 614 prout
873 516 1058 612 objectum
1088 511 1306 611 appetimus
1337 518 1400 582 ont

166 627 322 743 „HJ
362 628 533 725 fugimus.
584 630 722 720 Tertio,
736 642 844 727 prout
854 629 979 703 multae
993 627 1102 702 simul
1112 625 1398 701 considerantur.

166 713 340 841 uainado‘i'm
363 743 563 832 Postremo,
580 766 648 840 pro
665 744 775 817 modo
793 743 1033 819 successionis
1043 741 1152 815 unius
1170 739 1219 814 ad
1235 739 1398 812 alteram.

165 828 341 883 mmmm
363 855 570 954 Appetitas
600 857 711 946 enim,
737 857 767 930 si
796 859 1015 953 conjunctus
1042 855 1092 928 sit
1117 878 1201 928 cum
1231 849 1400 948 opinione

166 969 227 1027 Ψ
363 968 564 1057 obtinendi,
581 992 669 1067 epea
687 969 832 1043 dicitur.
885 969 990 1044 Idem
1017 969 1096 1043 sine
1119 966 1291 1064 opinione
1308 962 1402 1039 obti-

167 1084 300 1142 ΜΟ·
364 1081 487 1171 nendi,
506 1082 736 1180 desperatio.

166 1199 249 1245 aaa
413 1194 573 1267 Aaeraio
604 1218 688 1268 cum
718 1195 890 1291 opinione
921 1195 1045 1268 damni
1075 1192 1248 1282 secuturi,
1275 1199 1402 1264 metat.

362 1307 500 1380 Eadem
520 1332 604 1381 cum
623 1333 687 1405 spe
705 1309 830 1383 damni
846 1334 914 1406 per
931 1309 1176 1383 resistentiam
1195 1301 1403 1403 superandi,

166 1427 287 1473 rastede
349 1419 561 1517 fortitudo.

167 1529 210 1577 ¹¹⁵
415 1534 544 1607 Subita
559 1532 738 1608 fortitudo
757 1547 814 1608 est
831 1534 904 1608 ira.

167 1645 267 1690 Μ*
414 1647 505 1742 Spes
522 1646 560 1719 in
578 1636 729 1743 propria
743 1648 892 1736 virtute,
907 1647 937 1720 si
955 1656 1130 1720 constans
1148 1646 1208 1735 sit,
1223 1643 1403 1742 fidneia;

166 1772 350 1831 eumuna&-
363 1759 570 1855 desperatio
588 1759 815 1849 continuata,
833 1759 948 1833 animi
962 1758 1136 1855 abjectio.

167 1888 299 1946 lune-to·
413 1872 474 1945 Ira
490 1895 535 1943 ex
551 1870 700 1944 laesione
718 1872 867 1945 alterius
884 1873 1032 1969 injusta,
1050 1871 1278 1971 indignatio.

166 1977 260 2026 σὼ
412 1984 486 2057 Alii
502 1985 641 2057 bonnm
662 2009 807 2081 cupere,
827 1986 1079 2060 benevolentia
1095 1987 1153 2060 vel
1171 1986 1329 2058 caritas.

165 2095 271 2140 Μὴ
413 2097 556 2194 Cupido
574 2096 795 2187 divitiarum,
814 2098 993 2172 avaritia.
1047 2099 1141 2173 Qnae
1157 2124 1241 2189 vox,
1255 2097 1342 2194 qnia
1357 2095 1403 2169 de

363 2211 501 2284 divitiis
533 2223 675 2285 certare
703 2212 871 2284 homines
897 2212 995 2285 inter
1021 2236 1059 2285 se
1077 2212 1208 2301 solent,
1226 2211 1405 2307 accipitur

363 2348 507 2421 semper
523 2323 652 2397 sercin
669 2325 765 2398 malo
783 2348 904 2415 sensu,
921 2325 990 2399 etsi
1003 2326 1137 2422 cupido
1151 2327 1230 2423 ipsa
1246 2336 1311 2399 ant
1328 2325 1404 2398 cul-

363 2437 485 2535 panda
509 2449 574 2511 aut
599 2437 790 2534 probanda
807 2438 866 2529 sit,
884 2450 995 2536 prout
1011 2439 1134 2514 media
1157 2452 1255 2529 sunt,
1274 2439 1404 2536 quibus

364 2566 579 2650 quaeruntur
596 2552 745 2643 divitiae,
763 2553 862 2627 bona
878 2553 936 2626 vel
950 2554 1058 2627 mala.
1112 2553 1254 2650 Cupido
1285 2552 1403 2649 digni-

224 2690 269 2733 ro.
363 2679 483 2741 tatum
512 2667 753 2763 publicarum,
788 2666 952 2740 ambitio.
1016 2668 1098 2740 Vox
1131 2668 1210 2740 haec
1245 2688 1403 2763 quoque,

362 2792 513 2877 propter
539 2781 814 2855 contentionem
830 2781 1033 2871 hominum,
1044 2781 1084 2855 in
1101 2781 1262 2854 deterius
1280 2779 1404 2876 saepis-

363 2894 452 2966 sime
467 2894 658 2991 accipitur.

413 3006 556 3103 Cupido
568 3030 693 3079 rerum
710 3032 839 3103 parum
851 3006 899 3080 ad
916 3006 1125 3080 institutum
1139 3016 1305 3079 nostrum
1318 3028 1404 3077 con·

364 3120 589 3209 ducentium,
608 3120 698 3191 item
725 3131 843 3194 metus
867 3143 991 3192 rerum
1008 3120 1220 3193 institutum
1237 3130 1402 3193 nostrum

168 3247 346 3293 mamma
362 3257 492 3330 parum
510 3230 800 3328 impedientium,
811 3232 1125 3331 praeillaninnitae.

413 3345 719 3441 adjumentorum
748 3358 787 3420 et
813 3346 1161 3443 impedimentorum
1188 3346 1403 3442 exiguornm

168 3462 345 3520 Mami&-
363 3469 606 3555 contemptus
625 3459 930 3558 magnanimitas.

414 3572 698 3668 Magnanimitas
728 3572 766 3645 in
794 3572 958 3669 periculo
989 3572 1118 3645 mortis
1142 3570 1314 3645 violentae
1340 3581 1405 3644 aut

168 3690 337 3735 mallim
363 3685 569 3772 vulnerum,
586 3684 708 3758 airtna
727 3685 874 3759 bellica.

168 3804 302 3850 aarum
414 3797 699 3894 Magnanimitas
722 3799 761 3872 in
779 3799 990 3873 divitiarum
1008 3822 1089 3889 usu,
1108 3798 1336 3872 liberalitas.

168 3919 290 3964 Tarnim
415 3910 696 3984 Pusillanimitas
714 3912 752 3984 in
769 3936 838 3985 usu
857 3912 1068 4000 earundem,
1087 3911 1286 3985 tenacitas.

168 4031 277 4077 Vindice
415 4021 556 4118 Cupido
573 4024 730 4097 laedendi
749 4025 919 4120 aliquem,
938 4050 981 4099 eo
999 4027 1083 4115 fine,
1108 4037 1150 4097 nt
1167 4025 1312 4098 ‘factum
1339 4023 1405 4096 ali-

366 4134 465 4228 quod
482 4159 588 4208 suum
605 4138 837 4228 condemnet,
855 4139 1034 4212 vindicta.

168 4258 296 4303 ciamus
415 4247 556 4343 Cupido
587 4251 726 4325 sciendi
757 4251 844 4348 quid
876 4264 915 4324 et
950 4249 1146 4348 quomodo,
1173 4248 1405 4329 euriositas,-

114 4460 299 4680 q
365 4383 447 4453 qnae
463 4361 583 4456 passio
609 4363 676 4435 soli
694 4363 790 4437 inest
806 4363 956 4438 homini.
1010 4361 1257 4460 Distinguitur
1275 4384 1403 4458 ergon
