2926 4980
359 366 413 417 ns
433 366 625 417 c1v1rars
647 363 914 417 curusrrsus.
1084 348 1157 424 279

112 531 171 602 vel
187 555 254 627 per
271 533 508 605 ambitionem
535 534 627 606 salso
654 533 916 630 jactitantium,
935 531 1157 628 impossibile
1171 564 1247 612 cap
1255 563 1372 612 χχχιιι

113 663 209 717 esset
227 657 268 718 ut
286 646 385 741 leges
402 648 486 720 ullae
503 672 570 743 pro
590 647 722 720 divinis
740 659 1040 743 agnoscerentur.
1093 644 1344 717 Sin”'“'d
1172 702 1313 755 „enum
1322 716 1361 745 m

113 757 314 854 Scripturas
335 760 432 856 leges
455 761 535 834 fieri
560 786 634 833 uon
660 771 815 888 possunt
838 760 916 832 sine
936 757 1159 831 authoritate
1172 767 1374 883 tiqffiffi

112 872 270 966 publica,
301 875 504 946 authoritas
527 874 589 946 illa
611 874 724 945 civita
727 873 777 946 tis
801 873 883 957 erit,
902 874 960 945 vel
978 871 1158 945 ecclesia.
1171 847 1374 956 immissuras

113 987 163 1056 At
180 985 385 1057 ecclesia
358 1011 389 1058 sr
406 1011 480 1059 una
497 1011 654 1082 persona
677 987 737 1075 sit,
755 985 881 1058 cadem
910 1010 967 1058 res
986 996 1044 1057 est
1074 976 1221 1056 cumrum
1230 975 1347 1008 ⁵⁸⁶¹⁰¹¹¹¹²¹

113 1098 267 1170 civitate
282 1127 295 1181 ;
324 1124 404 1194 quae
428 1100 588 1195 quidem,
608 1099 695 1194 quia
711 1112 857 1172 constat
874 1124 919 1172 ex
936 1099 1158 1186 hominibus,

114 1211 269 1295 civitos;
306 1214 391 1307 quia
425 1228 571 1286 constat
605 1238 650 1285 ex
684 1213 893 1285 hominihus
929 1213 1158 1301 Christianis,

114 1323 276 1396 ecclesia
297 1326 513 1421 appellatur.
566 1327 682 1398 Totus
702 1339 825 1398 autem
843 1350 1018 1398 numerus
1036 1325 1159 1399 Chris·

113 1436 298 1510 tiauorum
325 1440 525 1527 hominum,
553 1440 621 1513 nisi
648 1463 721 1512 una
748 1439 895 1512 civitate
920 1439 1160 1534 comprehen-

115 1548 260 1638 dantur,
292 1576 365 1624 uon
393 1566 448 1625 est
473 1576 629 1649 persona
653 1577 752 1635 una;
792 1576 911 1649 ueque
936 1552 1011 1624 ulla
1036 1553 1161 1624 existit

115 1664 268 1736 ecclesia
284 1666 511 1752 universalia,
530 1667 633 1762 cujus
650 1666 874 1738 authoritate
897 1667 1047 1762 regendi
1063 1678 1159 1739 sunt.

116 1778 316 1873 Scripturae
343 1803 430 1869 ergo
457 1805 531 1852 non
557 1782 652 1852 fiunt
678 1780 777 1875 leges
802 1803 869 1876 per
894 1781 1159 1853 authoritatem

115 1892 288 1964 Ecclesiae
308 1892 531 1965 universalia
585 1893 695 1967 Quod
713 1894 743 1964 si
756 1893 884 1966 civitas
899 1918 970 1965 una
982 1906 1077 1966 esset
1094 1918 1160 1989 per

116 2017 236 2076 totum
254 2007 380 2076 orbem
398 2006 552 2078 ecclesia
568 2006 794 2095 universalis
813 2018 1029 2100 sequeretur
1055 2031 1160 2103 reges

116 2129 307 2213 coetusque
332 2143 492 2191 summos
515 2145 582 2216 pro
603 2121 756 2216 privatis
782 2119 946 2216 personis
971 2119 1159 2192 habendos

116 2254 205 2318 esse,
225 2247 262 2304 et
274 2233 320 2304 ah
331 2257 405 2305 una
418 2234 613 2306 universali
625 2247 810 2330 potestate
823 2257 890 2329 per
901 2244 1020 2305 totum
1031 2234 1159 2305 orbem

117 2344 363 2417 Christianum
378 2345 608 2442 judicandos
634 2346 882 2443 deponendos
901 2359 939 2418 et
955 2344 1160 2441 puniendos

115 2482 206 2530 esse.
260 2459 424 2532 Quaestio
451 2459 564 2553 igitur
581 2460 627 2532 de
645 2460 868 2533 authoritate
888 2459 1159 2554 Scripturarum

116 2569 304 2643 reducitur
326 2572 373 2643 ad
394 2572 511 2644 hanc:
540 2582 660 2645 atrum
682 2598 796 2671 reges
817 2571 1039 2660 Christiani,
1058 2572 1160 2668 iique

115 2695 232 2756 coetus
261 2686 327 2781 qai
350 2685 388 2756 in
406 2685 622 2758 civitatibus
652 2685 882 2758 Christianis
900 2709 1073 2756 summam
1091 2684 1158 2756 Ιια-

117 2796 202 2869 beat
221 2806 464 2894 potestatem,
483 2797 596 2870 liberi
613 2799 689 2870 sint
706 2799 744 2870 in
762 2798 841 2870 suis
859 2797 1025 2895 ipsorum
1043 2797 1158 2870 domi-

116 2909 189 2980 niis
204 2937 217 2992 ;
248 2935 297 2980 uri
325 2910 387 2981 ani
412 2911 556 2982 sicario
586 2909 729 2983 Christi
754 2910 897 2983 subditi
930 2910 1008 2982 siret
1033 2910 1081 2983 ab
1116 2936 1158 2984 eo

107 3021 324 3115 judicandi,
343 3022 621 3111 condemnandi,
648 3023 868 3121 deponendi,
891 3024 1159 3117 interficiendi-

117 3160 199 3231 que,
227 3145 347 3233 prout
373 3136 516 3207 nicorio
544 3136 604 3208 illi
637 3137 820 3235 expedire
855 3137 946 3210 bono
983 3139 1160 3211 communi

116 3248 313 3345 spirituali
329 3249 445 3320 cisum
462 3249 549 3321 erit.

167 3361 222 3433 De
241 3386 313 3456 qua
331 3361 533 3458 quaestione
551 3361 868 3434 determinandum
882 3387 957 3435 non
974 3380 1042 3453 est,
1056 3375 1159 3437 ante-

117 3500 224 3569 quam
244 3475 393 3571 propius
412 3475 679 3571 inspexerimus
696 3475 734 3547 in
759 3476 844 3571 jura
869 3476 973 3571 regni
997 3476 1089 3561 Dei;
1116 3490 1159 3549 ut

117 3589 274 3660 sciamus
293 3587 390 3674 inde,
410 3589 515 3682 cujus
533 3589 580 3661 sit
599 3588 806 3684 Scripturas
826 3588 956 3661 Sacras
979 3589 1158 3684 interpre-

117 3700 218 3773 tandi
232 3700 448 3772 authoritas
478 3700 696 3796 Quicunque
710 3702 807 3772 enim
817 3712 1038 3795 potestatem
1047 3701 1159 3774 habet

117 3814 318 3910 legitimam
336 3812 495 3886 faciendi
512 3827 555 3886 ut
572 3815 753 3909 scriptura
770 3815 893 3910 aliqua
909 3839 975 3909 pro
992 3815 1072 3909 lege
1093 3814 1158 3886 ha-

116 3928 258 4014 beatur,
277 3939 498 4023 potestatem
518 3928 629 3999 etiam
646 3928 758 4000 habet
776 3928 939 4022 ejusdem
966 3927 1158 4023 scripturae

117 4039 457 4136 interpretationem
474 4040 703 4135 approbandi
720 4053 758 4112 et
775 4040 1017 4136 improbandi.

540 4291 738 4318 —
