2926 4980
514 385 566 435 on
586 383 792 436 crvrrnrrr.
1103 370 1175 438 247

138 566 223 628 sunt
238 555 276 626 in
289 577 415 626 omnes
430 553 526 625 cives
538 552 599 647 qui
613 552 694 624 illas
707 551 906 647 trangressi
918 552 1066 641 fuerint,
1072 577 1176 648 aeque
1199 590 1275 638 χχχ,
1288 593 1373 640 χχχ,

138 669 185 741 ab
212 667 381 740 omnibus
412 666 616 761 exigantur.
678 654 839 737 Crimina
869 664 1016 760 quidem
1046 678 1175 739 contra
1188 672 1370 777 Dffl·

139 805 300 856 summos
317 781 537 875 imperantes
555 779 601 851 ab
620 778 706 873 ipsis
725 778 803 850 sine
820 777 1014 873 iniquitate
1032 779 1174 875 ignosci
1187 798 1358 856 miimrerantis-

137 907 315 990 possunt;
351 895 428 988 ejus
457 892 554 964 enim
586 903 642 963 est
675 892 876 987 ignoscere,
912 893 973 987 qui
1005 892 1175 987 injuriam

138 1032 267 1104 passus
290 1019 358 1080 est.
412 1005 485 1078 Sed
503 1003 636 1100 injuria
660 1003 759 1076 facta
788 1017 919 1077 contra
942 1004 1069 1094 civem,
1097 1005 1176 1079 sine

139 1143 320 1193 consensu
337 1120 415 1215 ejus
438 1118 496 1190 vel
523 1117 819 1213 compensatione
845 1141 962 1213 acqua,
990 1143 1013 1190 a
1029 1119 1176 1191 nemine

139 1233 210 1304 alio
228 1231 426 1305 condonari
445 1243 577 1326 potest.
630 1230 730 1305 Quid
744 1231 869 1303 enimi
898 1232 972 1306 Qui
989 1234 1104 1327 patris
1119 1233 1176 1306 vel

138 1349 205 1420 filii
230 1347 302 1419 mei
328 1346 554 1419 interfectori
580 1345 837 1440 impunitatem
866 1356 1029 1441 praestat,
1054 1369 1177 1418 nonne

139 1461 217 1557 ipse
242 1459 512 1555 quodammodo
538 1458 764 1531 interfecisse
791 1456 960 1529 dicetur?
1003 1458 1177 1554 Ejusdem

140 1586 195 1646 est
209 1573 333 1645 videre
350 1596 397 1644 ne
414 1573 545 1668 vulgus
563 1570 697 1644 civium
714 1571 981 1666 amagnatibus
994 1572 1178 1667 opprima-

140 1697 213 1774 tur,
235 1685 351 1757 multo
372 1685 488 1780 magis
506 1708 553 1756 ne
573 1707 700 1756 eorum
717 1684 869 1756 consilio
887 1685 966 1780 ipse
983 1685 1178 1781 opprimat,

141 1799 346 1893 exemplum
365 1808 533 1891 spectans
552 1795 824 1880 Rehobohami;
862 1808 948 1868 sunt
969 1798 1066 1869 enim
1088 1799 1178 1870 civi·

141 1912 227 1984 tatis
242 1912 354 1983 robur
366 1910 532 1982 homines
546 1909 691 2004 plebeii.
731 1909 867 1981 Curare
885 1909 1009 1999 etiam,
1022 1934 1069 1982 ne
1083 1911 1179 1984 cives

143 2024 268 2119 magni
286 2023 449 2095 modicos
466 2024 648 2095 lacessant
665 2023 882 2118 opprobriis.
935 2023 1014 2095 Civi
1033 2024 1179 2118 quidem

141 2138 268 2211 infami
283 2137 549 2233 turpitudinem
563 2159 666 2207 suam
681 2136 839 2231 objicere
853 2136 895 2224 is,
902 2135 963 2231 qui
978 2136 1179 2209 incivitate

142 2251 403 2324 authoritatem
420 2250 542 2339 habet,
560 2259 660 2320 recte
676 2260 821 2342 potest;
849 2248 913 2320 sed
939 2248 1009 2320 loci
1033 2249 1180 2321 humili·

141 2380 256 2441 tatem
281 2392 348 2464 pro
375 2367 535 2440 convitio
562 2365 695 2452 dicere,
722 2375 759 2435 et
784 2364 949 2458 iniquum
975 2376 1012 2437 et
1038 2365 1180 2438 civitati

141 2481 386 2576 periculosum
398 2492 465 2552 est.
517 2479 556 2551 Si
568 2478 665 2550 cives
678 2477 814 2572 magni,
827 2477 913 2571 quia
923 2477 1058 2573 magni,
1069 2502 1180 2575 prop-

141 2606 199 2667 ter
221 2595 424 2690 potentiam
451 2592 521 2664 coli
539 2589 739 2686 postulant,
764 2589 890 2683 quidni
908 2602 946 2662 et
963 2591 1077 2686 plebs,
1096 2592 1181 2686 quia

142 2707 250 2779 multi
269 2719 307 2779 et
324 2705 510 2803 potentior
527 2705 655 2791 multo,
679 2702 751 2774 coli
769 2701 924 2775 debeat?
978 2704 1100 2778 Quam
1118 2730 1180 2778 au-

141 2831 217 2892 tem
235 2820 370 2892 civium
384 2817 616 2890 modicorum
630 2815 869 2910 vilipendium
884 2817 1023 2889 civitati
1036 2819 1179 2914 pericu-

141 2932 258 3004 losum
277 2943 343 3019 est,
362 2929 493 3002 seditio
511 2953 638 3001 eorum
655 2928 694 2999 in
714 2928 879 3018 Batavia,
898 2953 980 3025 quae
996 2932 1179 3004 mendico-

141 3069 222 3116 rum
241 3045 340 3117 dicta
358 3054 423 3131 est,
441 3066 591 3115 monere
610 3041 729 3113 debet.
782 3042 924 3114 Civium
951 3043 1180 3139 inaequalitas

140 3181 216 3230 non
237 3183 260 3231 a
286 3182 325 3231 re
343 3158 466 3252 aliqua
491 3158 528 3228 in
546 3155 675 3250 seipsis
694 3155 836 3243 eximia,
863 3156 927 3228 sed
952 3182 975 3229 a
991 3158 1179 3232 voluntate

142 3273 274 3343 summi
292 3270 506 3367 imperantis
523 3269 690 3366 profecta
708 3280 775 3357 est,
794 3269 832 3341 id
859 3282 927 3356 est,
953 3295 975 3343 a
991 3270 1179 3345 voluntate

141 3384 300 3457 civitatis
314 3415 324 3467 ;
351 3396 528 3478 tantoque
544 3383 665 3454 minus
682 3382 803 3455 facere
821 3383 957 3455 debent
973 3383 1108 3456 fastum
1122 3385 1178 3456 in-

141 3497 258 3569 civile.
326 3495 550 3569 Irritandum
575 3496 706 3590 vulgus
732 3519 778 3567 ne
804 3521 827 3568 a
853 3496 999 3591 regibus
1031 3497 1179 3592 quidem

141 3622 209 3698 est,
227 3610 344 3682 multo
362 3609 482 3680 minus
499 3632 522 3679 a
538 3608 761 3695 concivibus
781 3622 1091 3705 quantuncunque
1105 3611 1179 3683 sint

140 3734 333 3820 potentes3
362 3744 420 3809 ne,
440 3720 527 3792 dum
552 3721 633 3792 illos
660 3720 788 3792 ulcisci
818 3721 941 3816 cupiat
967 3722 1111 3818 vulguS,
1129 3724 1179 3794 ci·

141 3835 292 3907 vitatem
326 3833 433 3905 simul
464 3856 547 3926 quae
572 3831 654 3905 illos
679 3856 754 3905 non
780 3833 1019 3929 prohibuerit,
1051 3858 1178 3930 aggre-

141 3947 299 4022 diantur.

190 4060 248 4132 Ad
266 4060 477 4154 aequitatem
495 4059 708 4154 imperantis
726 4058 886 4154 pertinet
903 4058 1013 4130 etiam
1036 4060 1178 4133 exactio

140 4174 288 4268 aqualis
301 4173 533 4245 tributorum.
560 4170 764 4267 AEqualitas
777 4183 899 4244 autem
916 4172 978 4244 illa
995 4171 1178 4267 dependet

140 4309 214 4359 non
239 4311 262 4359 a
279 4286 412 4360 civium
436 4284 583 4373 divitiis,
601 4286 666 4358 sed
687 4288 733 4358 ab
752 4310 795 4358 eo
813 4285 912 4380 quod
928 4287 1176 4383 unusquisque
