2926 4980
154 785 240 867 DE
270 783 554 868 CIVITATE
585 781 718 864 SIVE
748 779 1097 862 REPUBLICA.

543 1030 737 1042 ῌ

542 1044 737 1058 ψ

487 1211 650 1287 CAPUT
674 1211 795 1285 XVII.

141 1373 188 1424 DE
206 1373 332 1439 CAUSA,
349 1372 619 1440 GENERATIONE,
634 1372 680 1421 ET
699 1371 931 1422 DEFINITIONE
950 1370 1136 1421 CIVITATIS.

120 1487 243 1562 Quon
270 1487 453 1577 homines,
472 1487 652 1561 libertatis
668 1498 707 1559 et
724 1485 877 1559 dominii
905 1508 970 1581 per
993 1495 1164 1558 naturam
1185 1522 1263 1572 cqp,
1275 1523 1363 1573 xvn,

120 1595 315 1686 amatores
326 1625 372 1673 ex
384 1601 611 1696 praescripto,
625 1612 669 1672 ut
684 1600 729 1672 fit
744 1599 784 1671 in
803 1609 903 1671 statu
920 1598 1029 1686 civili,
1041 1599 1163 1671 vivere
1176 1604 1367 1707 nem„

119 1715 327 1802 voluerunt,
338 1713 422 1786 finis
435 1725 473 1786 et
487 1737 596 1787 cansa
605 1712 677 1785 fuit
687 1736 776 1784 cura
788 1712 1074 1785 conservationis
1087 1734 1163 1785 suae
1175 1714 1366 1825 ssggfficffi

95 1882 99 1890 .
120 1827 277 1923 vitaeque
292 1826 564 1916 commodioris,
575 1826 615 1899 id
628 1836 695 1916 est,
709 1835 752 1898 ut
769 1849 790 1897 e
807 1825 1017 1898 conditione
1030 1825 1165 1898 misera

120 1939 206 2013 belli
222 1939 388 2013 omnium
406 1951 536 2013 contra
552 1962 680 2013 omnes
701 1938 864 2022 exirent3
892 1962 973 2034 quae
999 1938 1162 2011 conditio

120 2053 285 2126 libertati
309 2052 480 2140 naturali,
498 2062 649 2147 propter
675 2051 861 2147 passiones
891 2052 1081 2140 humanas,
1098 2075 1162 2125 ne-

121 2165 279 2240 cessario
296 2176 386 2238 tunc
400 2165 576 2254 adhaeret,
592 2164 738 2262 quando
759 2164 861 2237 nulla
879 2175 982 2238 extat
998 2165 1166 2261 potentia

121 2278 274 2353 visibilis
292 2302 375 2375 quae
390 2278 578 2374 passiones
601 2279 682 2351 illas
704 2289 844 2350 terrore
863 2302 1055 2373 poenarum
1073 2291 1165 2350 tem-

122 2415 252 2490 perare
268 2394 396 2489 possit,
409 2391 581 2488 legesque
595 2392 780 2465 naturales
799 2403 837 2463 et
854 2403 963 2487 pacta
979 2392 1165 2464 observari
1282 2417 1283 2420 ¹

122 2505 246 2579 faciat.
297 2505 415 2600 Leges
441 2504 540 2577 euim
570 2516 724 2595 naturae,
749 2514 793 2577 ut
815 2504 973 2597 justitia,
998 2504 1165 2600 aequitas,

123 2632 205 2709 etc,
224 2629 263 2691 et
279 2642 354 2691 uno
371 2619 496 2707 verbo,
501 2617 647 2715 fucere
664 2619 754 2691 aliia
771 2617 973 2715 quodfieri
990 2616 1165 2690 vellemus

121 2731 238 2821 nota,
257 2732 395 2827 absque
412 2743 516 2803 metu
537 2732 713 2827 potentiae
731 2730 918 2820 coactiva,
935 2731 1166 2827 passionibus

122 2844 362 2930 naturalibus,
380 2845 504 2939 quales
521 2854 607 2917 sunt
624 2845 690 2935 ira,
709 2843 891 2939 superbia,
909 2844 1164 2942 cupiditasque

123 2958 253 3043 omnis,
271 2956 466 3029 contrariae
483 2968 580 3029 sunt.

171 3070 324 3144 Exitum
340 3080 465 3142 autem
482 3092 502 3140 e
520 3068 731 3143 conditione
751 3068 838 3142 belli
855 3071 1020 3144 omnium
1037 3083 1167 3146 contra

124 3205 251 3256 omnes
268 3183 367 3278 leges
385 3193 422 3255 et
436 3193 547 3278 pacta
561 3206 629 3279 per
647 3206 685 3254 se
706 3196 882 3278 praestare
907 3209 983 3258 non
999 3198 1165 3282 possunt.

125 3296 247 3368 Verba
270 3294 367 3366 enim
390 3306 489 3384 sunt,
508 3294 668 3390 dumque
684 3295 797 3367 verba
813 3308 958 3369 tantum
976 3310 1073 3385 sunt,
1090 3323 1167 3373 non

127 3412 313 3498 timentur,
334 3412 490 3507 ideoque
507 3411 555 3485 ad
581 3412 818 3485 securitatem
840 3414 1028 3488 bominum
1044 3440 1111 3511 per
1127 3439 1166 3489 se

128 3525 205 3598 sine
235 3524 347 3598 armis
373 3524 517 3597 inutilia
542 3535 638 3597 sunt.
691 3525 822 3620 Itaque
847 3527 959 3624 leges,
987 3553 1077 3625 quas
1104 3531 1166 3625 qui

128 3639 319 3711 observare
329 3637 410 3711 aliis
422 3636 699 3711 observantibus
711 3648 864 3711 conatus
875 3642 1166 3731 estobservavit,

129 3752 268 3847 quotics
277 3752 455 3847 potentiae
473 3751 640 3848 cogentis
653 3761 773 3824 metus
784 3753 889 3825 abest
902 3778 977 3827 non
990 3754 1166 3850 obligant,

128 3885 246 3960 neque
263 3864 470 3961 impediunt
493 3866 583 3961 quin
609 3864 843 3938 securitatem
871 3891 974 3939 suam
991 3891 1014 3939 a
1030 3867 1168 3939 viribus

130 3989 167 4050 et
196 3978 336 4051 artibus
366 3978 524 4073 propriis
552 3988 677 4074 petere
706 3977 905 4074 unicuique
934 3978 1077 4052 licitum
1108 3980 1166 4053 sit.

131 4089 229 4163 ldem
242 4091 353 4164 etiam
365 4090 498 4163 docent
508 4090 671 4163 historiae
681 4089 816 4163 veteris
829 4091 992 4181 Graeciae,
1005 4093 1070 4166 ubi
1083 4117 1168 4166 cum

131 4203 229 4278 nulla
258 4214 381 4277 essent
405 4216 542 4299 praeter
563 4215 719 4298 paterna
744 4203 909 4299 imperia,
935 4205 1167 4280 latrocinium
