2926 4980
511 342 566 394 nn
586 344 767 396 nouum.
1121 331 1158 393 ll

117 509 273 605 longam
301 509 435 582 seriem
467 511 734 606 cogitationum
764 510 1029 584 cohaerentium
1056 508 1166 582 remi·
1212 545 1290 595 cgp,
1303 546 1339 594 ῃ,

122 624 249 696 niscor
263 623 464 712 somnianS,
488 647 599 720 quam
617 624 728 707 alias3
755 635 795 696 et
821 624 993 720 quoniam
1011 622 1165 718 vigilans
1178 627 1376 747 „mmmm

124 736 391 808 absurditatem
430 737 658 810 somniorum
698 760 862 810 meorum
907 760 1003 832 saepe
1043 736 1163 826 video,

124 850 309 921 somnians
336 860 462 921 autem
490 850 757 944 cogitationum
786 872 951 921 mearum
977 848 1164 945 vigilantis

123 961 371 1034 absurditates
389 986 464 1035 non
480 961 610 1046 video;
636 962 723 1035 satis
748 986 943 1058 persuasus
968 986 1048 1035 sum
1073 963 1165 1059 vigi·

123 1076 263 1148 lantem
295 1099 354 1147 me
384 1076 479 1149 scire
508 1076 605 1172 quod
634 1079 709 1149 non
739 1077 924 1163 somniem,
955 1100 1163 1172 quanquam

125 1190 311 1263 somnians
329 1188 457 1262 videor
473 1189 564 1262 mihi
580 1189 743 1285 vigilare.

175 1302 362 1376 Quoniam
386 1315 512 1375 autem
536 1303 677 1375 somnia
701 1326 769 1398 pro
797 1326 907 1376 causa
932 1302 1071 1375 habent
1097 1301 1163 1375 ali-

124 1440 282 1512 quarum
298 1416 460 1511 partium
478 1415 641 1511 corporis
655 1415 882 1488 internarum
896 1415 1162 1511 intemperiem,

123 1552 275 1601 necesse
305 1542 361 1602 est
396 1541 438 1601 ut
468 1529 579 1602 variae
607 1529 841 1629 intemperies
868 1529 970 1602 varia
1004 1529 1165 1602 efficiant

125 1643 278 1714 somnia.
330 1642 454 1739 Atque
471 1643 558 1714 hinc
575 1654 630 1714 est
648 1643 748 1737 quod
765 1664 861 1738 saepe
875 1642 1020 1732 accidit,
1038 1653 1082 1714 ut
1098 1642 1163 1732 illi,

126 1755 188 1849 qui
205 1756 384 1827 cubantes
402 1756 540 1852 algent,
558 1756 755 1852 saepissime
773 1756 811 1828 in
829 1756 979 1829 somniis
996 1755 1163 1845 timeant,

124 1868 392 1964 videanturque
403 1870 473 1942 sibi
488 1869 666 1966 imagines
676 1869 801 1942 videre
813 1869 1014 1953 terrificas3
1039 1878 1162 1942 motus

125 1983 224 2055 enim
242 2007 265 2055 a
280 1984 432 2056 cerebro
446 1982 494 2056 ad
510 1995 632 2080 partes
649 1984 740 2057 alias
758 1984 921 2080 corporis
938 1983 1113 2071 internas,
1125 1991 1164 2056 et

124 2097 170 2168 ab
188 2095 259 2168 illis
281 2096 329 2168 ad
346 2096 549 2186 cerebrum,
575 2108 631 2170 est
656 2096 876 2192 reciprocus.
929 2096 1028 2169 Hinc
1052 2095 1163 2168 etiam

125 2208 272 2297 accidit,
291 2209 403 2306 quod,
420 2210 517 2283 sicut
539 2211 595 2283 ira
616 2211 775 2283 calorem
801 2209 911 2283 efficit
934 2209 973 2282 in
998 2209 1163 2306 partibus

125 2323 307 2419 aliquibus
331 2323 507 2418 corporis,
531 2323 619 2395 dum
635 2323 828 2418 vigilamus
842 2354 851 2406 ;
879 2323 931 2395 ita
948 2322 1058 2395 etiam
1075 2320 1164 2392 dum

127 2435 340 2523 dormimus
358 2436 493 2508 nimius
513 2436 712 2509 earundem
734 2435 896 2532 partium
914 2435 1014 2507 calor
1032 2433 1165 2507 efficiat

127 2547 232 2636 iram,
262 2548 472 2644 excitetque
506 2548 545 2621 in
579 2550 729 2621 cerebro
762 2540 981 2645 phantasma
1010 2546 1165 2643 alicujus

127 2661 257 2733 hostis.
308 2661 448 2733 Eodem
482 2660 605 2750 modo,
639 2673 684 2733 ut
719 2684 822 2733 amor
856 2658 895 2731 in
928 2658 1165 2755 vigilantibus

127 2797 291 2846 amorem
319 2773 443 2863 efficit,
472 2786 510 2847 et
540 2775 698 2848 calorem
728 2777 766 2847 in
800 2772 966 2870 partibus
1000 2773 1165 2869 eorporis

128 2886 309 2981 aliquibus
339 2886 513 2971 internis;
549 2888 601 2960 ita
634 2887 744 2961 etiam
775 2885 975 2959 earundem
1004 2886 1164 2983 partium

130 3000 230 3072 calor
262 3001 302 3073 in
337 2999 600 3073 dormientibus
635 3000 833 3097 imaginem
873 2999 985 3073 efficit
1017 2999 1165 3073 amoris.

130 3113 281 3187 Somnia
298 3113 455 3208 denique
473 3125 512 3185 et
527 3112 758 3210 vigilantium
774 3113 1033 3209 phantasmata
1049 3113 1167 3186 altera

128 3227 280 3300 alterius
310 3236 396 3298 sunt
427 3225 595 3308 inversa;
624 3225 808 3315 nimirum,
835 3236 939 3298 motu
967 3226 1165 3321 incipiente

129 3340 218 3414 dum
236 3338 429 3435 vigilamus
456 3339 502 3411 ab
530 3363 605 3412 uno
629 3339 799 3428 termino,
823 3348 860 3412 et
881 3340 927 3411 ab
945 3339 1060 3411 altero
1079 3338 1167 3410 dum

129 3453 365 3527 somniamus.

179 3567 281 3639 Inter
304 3565 485 3638 somnium
509 3575 547 3638 et
571 3564 812 3661 cogitationes
837 3563 1068 3660 vigilantium
1094 3563 1167 3636 dis-

128 3680 298 3775 tinguere
316 3678 556 3751 difficilimum
574 3691 664 3752 tunc
682 3689 748 3767 est,
769 3676 916 3774 quando
940 3677 1166 3773 casualiquo

127 3791 268 3865 factum
296 3805 352 3864 est
380 3803 423 3865 ut
450 3791 600 3864 minime
628 3791 961 3864 animadvertamus
990 3814 1056 3863 nos
1082 3791 1167 3864 dor-

128 3905 277 3988 miisse;
302 3905 342 3978 id
360 3904 459 3999 quod
476 3904 583 3977 facile
610 3904 793 4000 contingit
814 3904 879 3993 illi,
906 3904 969 4000 qui
994 3903 1167 3977 facinoris

127 4019 284 4114 alicujus
301 4018 390 4091 facti
404 4018 462 4090 vel
478 4017 637 4090 faciendi
652 4018 820 4090 conscius
838 4029 875 4088 et
889 4016 1065 4090 sollicitus
1083 4016 1167 4089 dor-

127 4132 201 4203 mit
230 4131 308 4203 sine
337 4130 620 4204 circumstantiis
649 4130 805 4203 exuendi
833 4142 964 4219 vestes,
993 4143 1030 4203 et
1057 4129 1167 4203 eundi

129 4245 322 4328 cubitum;
353 4244 485 4340 utqui
514 4243 552 4315 in
584 4243 761 4317 cathedra
789 4243 924 4316 dormit
955 4245 1085 4318 sedens
1110 4242 1168 4314 vel
