<?xml version="1.0" encoding="UTF-8"?>
<!DOCTYPE html PUBLIC "-//W3C//DTD XHTML 1.0 Transitional//EN"
    "http://www.w3.org/TR/xhtml1/DTD/xhtml1-transitional.dtd">
<html xmlns="http://www.w3.org/1999/xhtml" xml:lang="en" lang="en">
 <head>
  <title>
</title>
<meta http-equiv="Content-Type" content="text/html;charset=utf-8" />
  <meta name='ocr-system' content='tesseract 3.04.00' />
  <meta name='ocr-capabilities' content='ocr_page ocr_carea ocr_par ocr_line ocrx_word'/>
</head>
<body>
  <div class='ocr_page' id='page_1' title='image "./thomhobbesmalme02hobbgoog_0247.png"; bbox 0 0 2926 4980; ppageno 0'>
   <div class='ocr_carea' id='block_1_1' title="bbox 291 351 949 437">
    <p class='ocr_par' dir='ltr' id='par_1_1' title="bbox 291 351 949 437">
     <span class='ocr_line' id='line_1_1' title="bbox 291 351 949 437; baseline 0 -21"><span class='ocrx_word' id='word_1_1' title='bbox 291 351 363 417; x_wconf 77' lang='lat'><strong>234</strong></span> <span class='ocrx_word' id='word_1_2' title='bbox 666 365 720 416; x_wconf 86' lang='lat' dir='ltr'><strong>nn</strong></span> <span class='ocrx_word' id='word_1_3' title='bbox 741 365 949 437; x_wconf 78' lang='grc'><strong>1111111111.</strong></span> 
     </span>
    </p>
   </div>
   <div class='ocr_carea' id='block_1_2' title="bbox 79 531 1338 3779">
    <p class='ocr_par' dir='ltr' id='par_1_2' title="bbox 84 531 1333 629">
     <span class='ocr_line' id='line_1_2' title="bbox 84 531 1333 629; baseline -0.002 -24"><span class='ocrx_word' id='word_1_4' title='bbox 84 532 406 615; x_wconf 66' lang='lat' dir='ltr'><strong>cip.xx1x,lrndet</strong></span> <span class='ocrx_word' id='word_1_5' title='bbox 433 540 673 629; x_wconf 71' lang='lat' dir='ltr'><strong>potestatem.</strong></span> <span class='ocrx_word' id='word_1_6' title='bbox 727 532 924 606; x_wconf 88' lang='lat' dir='ltr'>Subditum</span> <span class='ocrx_word' id='word_1_7' title='bbox 955 555 1034 605; x_wconf 89' lang='lat' dir='ltr'><strong>esse</strong></span> <span class='ocrx_word' id='word_1_8' title='bbox 1064 532 1167 605; x_wconf 89' lang='lat' dir='ltr'><strong>illurn</strong></span> <span class='ocrx_word' id='word_1_9' title='bbox 1188 531 1333 627; x_wconf 86' lang='lat' dir='ltr'><strong>legibus</strong></span> 
     </span>
    </p>

    <p class='ocr_par' dir='ltr' id='par_1_3' title="bbox 81 645 1334 761">
     <span class='ocr_line' id='line_1_3' title="bbox 81 645 1334 761; baseline -0.001 -43"><span class='ocrx_word' id='word_1_10' title='bbox 81 648 249 761; x_wconf 48' lang='lat' dir='ltr'><strong>„effi</strong></span> <span class='ocrx_word' id='word_1_11' title='bbox 293 655 449 734; x_wconf 85' lang='lat' dir='ltr'><strong>naturae,</strong></span> <span class='ocrx_word' id='word_1_12' title='bbox 467 668 594 717; x_wconf 92' lang='lat' dir='ltr'><strong>verum</strong></span> <span class='ocrx_word' id='word_1_13' title='bbox 620 657 699 730; x_wconf 89' lang='lat' dir='ltr'><strong>est;</strong></span> <span class='ocrx_word' id='word_1_14' title='bbox 726 647 827 742; x_wconf 87' lang='lat' dir='ltr'><strong>leges</strong></span> <span class='ocrx_word' id='word_1_15' title='bbox 853 646 951 718; x_wconf 89' lang='lat' dir='ltr'><strong>enirn</strong></span> <span class='ocrx_word' id='word_1_16' title='bbox 977 647 1049 719; x_wconf 85' lang='lat' dir='ltr'><strong>illae</strong></span> <span class='ocrx_word' id='word_1_17' title='bbox 1074 645 1207 718; x_wconf 84' lang='lat' dir='ltr'><strong>divinae</strong></span> <span class='ocrx_word' id='word_1_18' title='bbox 1234 658 1334 735; x_wconf 90' lang='lat' dir='ltr'><strong>sunt,</strong></span> 
     </span>
    </p>

    <p class='ocr_par' dir='ltr' id='par_1_4' title="bbox 79 758 1334 881">
     <span class='ocr_line' id='line_1_4' title="bbox 79 758 1334 881; baseline -0.001 -50"><span class='ocrx_word' id='word_1_19' title='bbox 79 772 248 881; x_wconf 50' lang='lat' dir='ltr'><strong>mamam</strong></span> <span class='ocrx_word' id='word_1_20' title='bbox 294 782 412 854; x_wconf 88' lang='lat' dir='ltr'><strong>neque</strong></span> <span class='ocrx_word' id='word_1_21' title='bbox 428 769 583 853; x_wconf 87' lang='lat' dir='ltr'>possunt</span> <span class='ocrx_word' id='word_1_22' title='bbox 608 759 655 831; x_wconf 91' lang='lat' dir='ltr'><strong>ab</strong></span> <span class='ocrx_word' id='word_1_23' title='bbox 680 758 829 832; x_wconf 91' lang='lat' dir='ltr'><strong>homine</strong></span> <span class='ocrx_word' id='word_1_24' title='bbox 853 759 912 832; x_wconf 89' lang='lat' dir='ltr'><strong>vel</strong></span> <span class='ocrx_word' id='word_1_25' title='bbox 936 758 1085 831; x_wconf 90' lang='lat' dir='ltr'><strong>civitate</strong></span> <span class='ocrx_word' id='word_1_26' title='bbox 1115 781 1334 855; x_wconf 88' lang='lat' dir='ltr'><strong>quacunque</strong></span> 
     </span>
    </p>

    <p class='ocr_par' dir='ltr' id='par_1_5' title="bbox 80 844 1334 968">
     <span class='ocr_line' id='line_1_5' title="bbox 80 844 1334 968; baseline -0.002 -23"><span class='ocrx_word' id='word_1_27' title='bbox 80 844 282 959; x_wconf 43' lang='lat' dir='ltr'><strong>duffii.</strong></span> <span class='ocrx_word' id='word_1_28' title='bbox 295 871 477 967; x_wconf 86' lang='lat' dir='ltr'><strong>abrogari.</strong></span> <span class='ocrx_word' id='word_1_29' title='bbox 530 871 604 944; x_wconf 87' lang='lat' dir='ltr'><strong>Sed</strong></span> <span class='ocrx_word' id='word_1_30' title='bbox 623 873 778 968; x_wconf 79' lang='lat' dir='ltr'><strong>legibuS,</strong></span> <span class='ocrx_word' id='word_1_31' title='bbox 805 897 895 968; x_wconf 89' lang='lat' dir='ltr'><strong>quas</strong></span> <span class='ocrx_word' id='word_1_32' title='bbox 921 872 1060 961; x_wconf 86' lang='lat' dir='ltr'><strong>civitas,</strong></span> <span class='ocrx_word' id='word_1_33' title='bbox 1089 872 1128 944; x_wconf 93' lang='lat' dir='ltr'><strong>id</strong></span> <span class='ocrx_word' id='word_1_34' title='bbox 1157 883 1224 959; x_wconf 92' lang='lat' dir='ltr'><strong>est,</strong></span> <span class='ocrx_word' id='word_1_35' title='bbox 1243 895 1334 966; x_wconf 87' lang='lat' dir='ltr'><strong>quas</strong></span> 
     </span>
    </p>

    <p class='ocr_par' dir='ltr' id='par_1_6' title="bbox 79 966 1334 1744">
     <span class='ocr_line' id='line_1_6' title="bbox 79 966 1334 1080; baseline 0 -22"><span class='ocrx_word' id='word_1_36' title='bbox 79 966 209 1012; x_wconf 53' lang='grc' dir='ltr'><strong>’ΜΝ</strong></span> <span class='ocrx_word' id='word_1_37' title='bbox 227 969 372 1080; x_wconf 52' lang='lat' dir='ltr'><strong>‘lmipse</strong></span> <span class='ocrx_word' id='word_1_38' title='bbox 398 985 536 1071; x_wconf 89' lang='lat' dir='ltr'><strong>tulerit,</strong></span> <span class='ocrx_word' id='word_1_39' title='bbox 562 985 729 1058; x_wconf 89' lang='lat' dir='ltr'><strong>subditus</strong></span> <span class='ocrx_word' id='word_1_40' title='bbox 754 1008 830 1058; x_wconf 92' lang='lat' dir='ltr'><strong>non</strong></span> <span class='ocrx_word' id='word_1_41' title='bbox 857 997 927 1058; x_wconf 87' lang='lat' dir='ltr'><strong>cst.</strong></span> <span class='ocrx_word' id='word_1_42' title='bbox 979 986 1065 1058; x_wconf 95' lang='lat' dir='ltr'><strong>Non</strong></span> <span class='ocrx_word' id='word_1_43' title='bbox 1087 997 1142 1059; x_wconf 89' lang='lat' dir='ltr'><strong>est</strong></span> <span class='ocrx_word' id='word_1_44' title='bbox 1159 985 1256 1059; x_wconf 88' lang='lat' dir='ltr'><strong>enim</strong></span> <span class='ocrx_word' id='word_1_45' title='bbox 1274 987 1334 1058; x_wconf 92' lang='lat' dir='ltr'><strong>cui</strong></span> 
     </span>
     <span class='ocr_line' id='line_1_7' title="bbox 296 1097 1334 1196; baseline 0.001 -26"><span class='ocrx_word' id='word_1_46' title='bbox 296 1099 540 1195; x_wconf 84' lang='lat' dir='ltr'><strong>subjiceretur</strong></span> <span class='ocrx_word' id='word_1_47' title='bbox 555 1111 802 1194; x_wconf 87' lang='lat' dir='ltr'><strong>praeterquam</strong></span> <span class='ocrx_word' id='word_1_48' title='bbox 819 1099 899 1170; x_wconf 91' lang='lat' dir='ltr'><strong>sibi.</strong></span> <span class='ocrx_word' id='word_1_49' title='bbox 953 1097 1027 1170; x_wconf 79' lang='lat' dir='ltr'><strong>Qui</strong></span> <span class='ocrx_word' id='word_1_50' title='bbox 1044 1111 1169 1171; x_wconf 89' lang='lat' dir='ltr'><strong>autem</strong></span> <span class='ocrx_word' id='word_1_51' title='bbox 1187 1101 1261 1173; x_wconf 90' lang='lat' dir='ltr'><strong>suis</strong></span> <span class='ocrx_word' id='word_1_52' title='bbox 1277 1101 1334 1196; x_wconf 90' lang='lat' dir='ltr'><strong>ip-</strong></span> 
     </span>
     <span class='ocr_line' id='line_1_8' title="bbox 293 1210 1334 1307; baseline 0.001 -22"><span class='ocrx_word' id='word_1_53' title='bbox 293 1213 368 1285; x_wconf 85' lang='lat' dir='ltr'><strong>sius</strong></span> <span class='ocrx_word' id='word_1_54' title='bbox 382 1224 528 1286; x_wconf 90' lang='lat' dir='ltr'><strong>tanturn</strong></span> <span class='ocrx_word' id='word_1_55' title='bbox 544 1212 685 1307; x_wconf 87' lang='lat' dir='ltr'><strong>legibus</strong></span> <span class='ocrx_word' id='word_1_56' title='bbox 703 1212 898 1306; x_wconf 84' lang='lat' dir='ltr'><strong>obligatur,</strong></span> <span class='ocrx_word' id='word_1_57' title='bbox 916 1210 1123 1282; x_wconf 84' lang='lat' dir='ltr'><strong>liberrimus</strong></span> <span class='ocrx_word' id='word_1_58' title='bbox 1142 1224 1209 1286; x_wconf 88' lang='lat' dir='ltr'><strong>est.</strong></span> <span class='ocrx_word' id='word_1_59' title='bbox 1247 1214 1334 1286; x_wconf 92' lang='lat' dir='ltr'><strong>Non</strong></span> 
     </span>
     <span class='ocr_line' id='line_1_9' title="bbox 292 1322 1334 1421; baseline 0 -22"><span class='ocrx_word' id='word_1_60' title='bbox 292 1326 464 1398; x_wconf 89' lang='lat' dir='ltr'><strong>viderunt</strong></span> <span class='ocrx_word' id='word_1_61' title='bbox 481 1336 616 1408; x_wconf 90' lang='lat' dir='ltr'><strong>autem,</strong></span> <span class='ocrx_word' id='word_1_62' title='bbox 633 1325 697 1421; x_wconf 90' lang='lat' dir='ltr'><strong>qui</strong></span> <span class='ocrx_word' id='word_1_63' title='bbox 711 1346 893 1396; x_wconf 92' lang='lat' dir='ltr'><strong>summum</strong></span> <span class='ocrx_word' id='word_1_64' title='bbox 911 1322 1152 1418; x_wconf 86' lang='lat' dir='ltr'><strong>imperantem</strong></span> <span class='ocrx_word' id='word_1_65' title='bbox 1169 1326 1334 1421; x_wconf 85' lang='lat' dir='ltr'><strong>obligare</strong></span> 
     </span>
     <span class='ocr_line' id='line_1_10' title="bbox 292 1435 1334 1535; baseline 0 -24"><span class='ocrx_word' id='word_1_66' title='bbox 292 1439 498 1524; x_wconf 88' lang='lat' dir='ltr'><strong>voluerunt,</strong></span> <span class='ocrx_word' id='word_1_67' title='bbox 517 1435 729 1531; x_wconf 85' lang='lat' dir='ltr'><strong>erigendam</strong></span> <span class='ocrx_word' id='word_1_68' title='bbox 747 1436 815 1508; x_wconf 88' lang='lat' dir='ltr'><strong>sibi</strong></span> <span class='ocrx_word' id='word_1_69' title='bbox 834 1459 912 1508; x_wconf 90' lang='lat' dir='ltr'><strong>esse</strong></span> <span class='ocrx_word' id='word_1_70' title='bbox 929 1447 1160 1531; x_wconf 89' lang='lat' dir='ltr'><strong>potestatem,</strong></span> <span class='ocrx_word' id='word_1_71' title='bbox 1179 1462 1260 1532; x_wconf 87' lang='lat' dir='ltr'><strong>quae</strong></span> <span class='ocrx_word' id='word_1_72' title='bbox 1278 1441 1334 1535; x_wconf 93' lang='lat' dir='ltr'><strong>ip-</strong></span> 
     </span>
     <span class='ocr_line' id='line_1_11' title="bbox 292 1549 1334 1646; baseline 0.001 -22"><span class='ocrx_word' id='word_1_73' title='bbox 292 1575 374 1624; x_wconf 91' lang='lat' dir='ltr'><strong>sum</strong></span> <span class='ocrx_word' id='word_1_74' title='bbox 401 1550 560 1646; x_wconf 91' lang='lat' dir='ltr'><strong>puniret,</strong></span> <span class='ocrx_word' id='word_1_75' title='bbox 587 1549 697 1622; x_wconf 89' lang='lat' dir='ltr'><strong>etad</strong></span> <span class='ocrx_word' id='word_1_76' title='bbox 726 1550 825 1623; x_wconf 92' lang='lat' dir='ltr'><strong>hunc</strong></span> <span class='ocrx_word' id='word_1_77' title='bbox 850 1550 1078 1646; x_wconf 91' lang='lat' dir='ltr'><strong>puniendum</strong></span> <span class='ocrx_word' id='word_1_78' title='bbox 1111 1562 1334 1646; x_wconf 89' lang='lat' dir='ltr'><strong>potestatem</strong></span> 
     </span>
     <span class='ocr_line' id='line_1_12' title="bbox 293 1662 1181 1744; baseline 0 -8"><span class='ocrx_word' id='word_1_79' title='bbox 293 1662 423 1744; x_wconf 87' lang='lat' dir='ltr'><strong>aliam;</strong></span> <span class='ocrx_word' id='word_1_80' title='bbox 441 1663 494 1735; x_wconf 91' lang='lat' dir='ltr'><strong>ita</strong></span> <span class='ocrx_word' id='word_1_81' title='bbox 508 1663 663 1735; x_wconf 87' lang='lat' dir='ltr'><strong>utnulla</strong></span> <span class='ocrx_word' id='word_1_82' title='bbox 678 1663 828 1736; x_wconf 91' lang='lat' dir='ltr'><strong>omnino</strong></span> <span class='ocrx_word' id='word_1_83' title='bbox 841 1674 1026 1737; x_wconf 87' lang='lat' dir='ltr'><strong>constaret</strong></span> <span class='ocrx_word' id='word_1_84' title='bbox 1043 1663 1181 1737; x_wconf 81' lang='lat' dir='ltr'><strong>civitae.</strong></span> 
     </span>
    </p>

    <p class='ocr_par' dir='ltr' id='par_1_7' title="bbox 293 1774 1337 3235">
     <span class='ocr_line' id='line_1_13' title="bbox 344 1774 1333 1872; baseline -0.001 -24"><span class='ocrx_word' id='word_1_85' title='bbox 344 1776 481 1848; x_wconf 86' lang='lat' dir='ltr'><strong>Eodem</strong></span> <span class='ocrx_word' id='word_1_86' title='bbox 501 1774 621 1848; x_wconf 90' lang='lat' dir='ltr'><strong>tendit</strong></span> <span class='ocrx_word' id='word_1_87' title='bbox 638 1774 808 1848; x_wconf 88' lang='lat' dir='ltr'><strong>doctrina</strong></span> <span class='ocrx_word' id='word_1_88' title='bbox 824 1776 965 1872; x_wconf 82' lang='lat' dir='ltr'><strong>quinta,</strong></span> <span class='ocrx_word' id='word_1_89' title='bbox 978 1776 1090 1848; x_wconf 85' lang='lat' dir='ltr'><strong>ciuem</strong></span> <span class='ocrx_word' id='word_1_90' title='bbox 1102 1801 1333 1872; x_wconf 82' lang='lat' dir='ltr'><strong>unumquem-</strong></span> 
     </span>
     <span class='ocr_line' id='line_1_14' title="bbox 294 1891 1331 1990; baseline 0 -26"><span class='ocrx_word' id='word_1_91' title='bbox 294 1891 554 1990; x_wconf 67' lang='lat' dir='ltr'><strong>praehonorare</strong></span> <span class='ocrx_word' id='word_1_92' title='bbox 574 1915 723 1965; x_wconf 79' lang='lat' dir='ltr'><strong>auorum</strong></span> <span class='ocrx_word' id='word_1_93' title='bbox 741 1891 798 1964; x_wconf 79' lang='lat' dir='ltr'><strong>ila</strong></span> <span class='ocrx_word' id='word_1_94' title='bbox 816 1891 1024 1964; x_wconf 78' lang='lat' dir='ltr'><strong>ahsolutum</strong></span> <span class='ocrx_word' id='word_1_95' title='bbox 1040 1916 1122 1964; x_wconf 80' lang='lat' dir='ltr'><strong>ease</strong></span> <span class='ocrx_word' id='word_1_96' title='bbox 1139 1892 1331 1982; x_wconf 74' lang='grc'><strong>1111111111,</strong></span> 
     </span>
     <span class='ocr_line' id='line_1_15' title="bbox 295 2004 1332 2093; baseline -0.001 -15"><span class='ocrx_word' id='word_1_97' title='bbox 295 2004 746 2093; x_wconf 55' lang='lat' dir='ltr'><strong>praemonuerimus</strong></span> <span class='ocrx_word' id='word_1_98' title='bbox 772 2004 810 2076; x_wconf 79' lang='lat' dir='ltr'><strong>irc</strong></span> <span class='ocrx_word' id='word_1_99' title='bbox 838 2004 933 2076; x_wconf 80' lang='lat' dir='ltr'><strong>bona</strong></span> <span class='ocrx_word' id='word_1_100' title='bbox 951 2004 1081 2076; x_wconf 84' lang='lat' dir='ltr'><strong>eadem</strong></span> <span class='ocrx_word' id='word_1_101' title='bbox 1097 2004 1332 2078; x_wconf 74' lang='lat' dir='ltr'><strong>excludatur.</strong></span> 
     </span>
     <span class='ocr_line' id='line_1_16' title="bbox 295 2117 1334 2213; baseline -0.001 -22"><span class='ocrx_word' id='word_1_102' title='bbox 295 2118 421 2191; x_wconf 85' lang='lat' dir='ltr'><strong>Civem</strong></span> <span class='ocrx_word' id='word_1_103' title='bbox 452 2117 600 2213; x_wconf 90' lang='lat' dir='ltr'><strong>quidem</strong></span> <span class='ocrx_word' id='word_1_104' title='bbox 627 2140 926 2212; x_wconf 91' lang='lat' dir='ltr'><strong>unumquemque</strong></span> <span class='ocrx_word' id='word_1_105' title='bbox 950 2117 989 2189; x_wconf 93' lang='lat' dir='ltr'><strong>in</strong></span> <span class='ocrx_word' id='word_1_106' title='bbox 1015 2118 1114 2190; x_wconf 90' lang='lat' dir='ltr'><strong>bona</strong></span> <span class='ocrx_word' id='word_1_107' title='bbox 1137 2142 1203 2191; x_wconf 91' lang='lat' dir='ltr'><strong>sua</strong></span> <span class='ocrx_word' id='word_1_108' title='bbox 1219 2118 1334 2191; x_wconf 92' lang='lat' dir='ltr'><strong>domi-</strong></span> 
     </span>
     <span class='ocr_line' id='line_1_17' title="bbox 294 2230 1333 2326; baseline -0.002 -22"><span class='ocrx_word' id='word_1_109' title='bbox 294 2232 397 2304; x_wconf 91' lang='lat' dir='ltr'><strong>nium</strong></span> <span class='ocrx_word' id='word_1_110' title='bbox 410 2230 716 2326; x_wconf 90' lang='lat' dir='ltr'><strong>proprium,quod</strong></span> <span class='ocrx_word' id='word_1_111' title='bbox 722 2233 783 2326; x_wconf 89' lang='lat' dir='ltr'><strong>jus</strong></span> <span class='ocrx_word' id='word_1_112' title='bbox 797 2230 932 2302; x_wconf 86' lang='lat' dir='ltr'><strong>civium</strong></span> <span class='ocrx_word' id='word_1_113' title='bbox 945 2243 1161 2304; x_wconf 81' lang='lat' dir='ltr'><strong>caeterorum</strong></span> <span class='ocrx_word' id='word_1_114' title='bbox 1172 2231 1333 2304; x_wconf 91' lang='lat' dir='ltr'><strong>omnium</strong></span> 
     </span>
     <span class='ocr_line' id='line_1_18' title="bbox 294 2344 1333 2439; baseline -0.001 -21"><span class='ocrx_word' id='word_1_115' title='bbox 294 2345 468 2434; x_wconf 83' lang='lat' dir='ltr'><strong>excludit,</strong></span> <span class='ocrx_word' id='word_1_116' title='bbox 503 2345 637 2418; x_wconf 89' lang='lat' dir='ltr'><strong>habere</strong></span> <span class='ocrx_word' id='word_1_117' title='bbox 667 2369 742 2417; x_wconf 95' lang='lat' dir='ltr'><strong>non</strong></span> <span class='ocrx_word' id='word_1_118' title='bbox 772 2367 961 2439; x_wconf 85' lang='lat' dir='ltr'><strong>negamus.</strong></span> <span class='ocrx_word' id='word_1_119' title='bbox 1025 2345 1097 2418; x_wconf 87' lang='lat' dir='ltr'><strong>Sed</strong></span> <span class='ocrx_word' id='word_1_120' title='bbox 1133 2344 1333 2417; x_wconf 91' lang='lat' dir='ltr'><strong>dominium</strong></span> 
     </span>
     <span class='ocr_line' id='line_1_19' title="bbox 293 2456 1336 2554; baseline -0.003 -21"><span class='ocrx_word' id='word_1_121' title='bbox 293 2460 385 2533; x_wconf 92' lang='lat' dir='ltr'><strong>illud</strong></span> <span class='ocrx_word' id='word_1_122' title='bbox 402 2484 425 2531; x_wconf 92' lang='lat' dir='ltr'><strong>a</strong></span> <span class='ocrx_word' id='word_1_123' title='bbox 441 2482 583 2530; x_wconf 89' lang='lat' dir='ltr'><strong>summa</strong></span> <span class='ocrx_word' id='word_1_124' title='bbox 598 2469 781 2553; x_wconf 86' lang='lat' dir='ltr'><strong>potestate</strong></span> <span class='ocrx_word' id='word_1_125' title='bbox 798 2456 922 2545; x_wconf 89' lang='lat' dir='ltr'><strong>babet,</strong></span> <span class='ocrx_word' id='word_1_126' title='bbox 954 2457 1032 2530; x_wconf 90' lang='lat' dir='ltr'><strong>sine</strong></span> <span class='ocrx_word' id='word_1_127' title='bbox 1062 2461 1167 2554; x_wconf 89' lang='lat' dir='ltr'><strong>cujus</strong></span> <span class='ocrx_word' id='word_1_128' title='bbox 1192 2472 1336 2554; x_wconf 88' lang='lat' dir='ltr'><strong>protec-</strong></span> 
     </span>
     <span class='ocr_line' id='line_1_20' title="bbox 293 2570 1336 2668; baseline -0.001 -23"><span class='ocrx_word' id='word_1_129' title='bbox 293 2572 406 2660; x_wconf 89' lang='lat' dir='ltr'><strong>tione,</strong></span> <span class='ocrx_word' id='word_1_130' title='bbox 422 2570 597 2666; x_wconf 92' lang='lat' dir='ltr'><strong>quicquid</strong></span> <span class='ocrx_word' id='word_1_131' title='bbox 614 2570 738 2658; x_wconf 89' lang='lat' dir='ltr'><strong>babet,</strong></span> <span class='ocrx_word' id='word_1_132' title='bbox 756 2594 833 2643; x_wconf 92' lang='lat' dir='ltr'><strong>non</strong></span> <span class='ocrx_word' id='word_1_133' title='bbox 851 2570 922 2643; x_wconf 89' lang='lat' dir='ltr'><strong>alio</strong></span> <span class='ocrx_word' id='word_1_134' title='bbox 944 2572 1028 2666; x_wconf 89' lang='lat' dir='ltr'><strong>jure</strong></span> <span class='ocrx_word' id='word_1_135' title='bbox 1054 2572 1208 2645; x_wconf 88' lang='lat' dir='ltr'><strong>haberet</strong></span> <span class='ocrx_word' id='word_1_136' title='bbox 1227 2597 1336 2668; x_wconf 90' lang='lat' dir='ltr'><strong>quam</strong></span> 
     </span>
     <span class='ocr_line' id='line_1_21' title="bbox 295 2684 1336 2782; baseline -0.001 -23"><span class='ocrx_word' id='word_1_137' title='bbox 295 2686 505 2782; x_wconf 89' lang='lat' dir='ltr'><strong>quicunque</strong></span> <span class='ocrx_word' id='word_1_138' title='bbox 520 2684 634 2768; x_wconf 82' lang='lat' dir='ltr'><strong>alius3</strong></span> <span class='ocrx_word' id='word_1_139' title='bbox 654 2685 741 2779; x_wconf 89' lang='lat' dir='ltr'><strong>quia</strong></span> <span class='ocrx_word' id='word_1_140' title='bbox 758 2684 882 2756; x_wconf 93' lang='lat' dir='ltr'><strong>omnia</strong></span> <span class='ocrx_word' id='word_1_141' title='bbox 899 2695 1019 2758; x_wconf 87' lang='lat' dir='ltr'><strong>essent</strong></span> <span class='ocrx_word' id='word_1_142' title='bbox 1037 2687 1212 2757; x_wconf 92' lang='lat' dir='ltr'><strong>omnium.</strong></span> <span class='ocrx_word' id='word_1_143' title='bbox 1265 2687 1336 2759; x_wconf 90' lang='lat' dir='ltr'><strong>Ve-</strong></span> 
     </span>
     <span class='ocr_line' id='line_1_22' title="bbox 294 2798 1336 2895; baseline 0 -23"><span class='ocrx_word' id='word_1_144' title='bbox 294 2824 376 2872; x_wconf 92' lang='lat' dir='ltr'><strong>rum</strong></span> <span class='ocrx_word' id='word_1_145' title='bbox 395 2799 426 2871; x_wconf 91' lang='lat' dir='ltr'><strong>si</strong></span> <span class='ocrx_word' id='word_1_146' title='bbox 445 2800 505 2893; x_wconf 88' lang='lat' dir='ltr'><strong>jus</strong></span> <span class='ocrx_word' id='word_1_147' title='bbox 523 2799 634 2870; x_wconf 90' lang='lat' dir='ltr'><strong>etiam</strong></span> <span class='ocrx_word' id='word_1_148' title='bbox 652 2800 742 2893; x_wconf 77' lang='lat' dir='ltr'><strong>ejuS,</strong></span> <span class='ocrx_word' id='word_1_149' title='bbox 762 2798 824 2893; x_wconf 91' lang='lat' dir='ltr'><strong>qui</strong></span> <span class='ocrx_word' id='word_1_150' title='bbox 848 2821 1027 2870; x_wconf 87' lang='lat' dir='ltr'><strong>summam</strong></span> <span class='ocrx_word' id='word_1_151' title='bbox 1044 2799 1156 2871; x_wconf 92' lang='lat' dir='ltr'><strong>habet</strong></span> <span class='ocrx_word' id='word_1_152' title='bbox 1173 2810 1336 2895; x_wconf 89' lang='lat' dir='ltr'><strong>potesta-</strong></span> 
     </span>
     <span class='ocr_line' id='line_1_23' title="bbox 295 2911 1337 3008; baseline 0.003 -24"><span class='ocrx_word' id='word_1_153' title='bbox 295 2926 382 3000; x_wconf 91' lang='lat' dir='ltr'><strong>tem,</strong></span> <span class='ocrx_word' id='word_1_154' title='bbox 400 2911 669 2999; x_wconf 82' lang='lat' dir='ltr'><strong>excluderetur,</strong></span> <span class='ocrx_word' id='word_1_155' title='bbox 687 2925 883 3007; x_wconf 85' lang='lat' dir='ltr'><strong>protegere</strong></span> <span class='ocrx_word' id='word_1_156' title='bbox 901 2912 998 2984; x_wconf 91' lang='lat' dir='ltr'><strong>cives</strong></span> <span class='ocrx_word' id='word_1_157' title='bbox 1022 2936 1098 2984; x_wconf 94' lang='lat' dir='ltr'><strong>non</strong></span> <span class='ocrx_word' id='word_1_158' title='bbox 1118 2925 1252 3008; x_wconf 89' lang='lat' dir='ltr'><strong>posset,</strong></span> <span class='ocrx_word' id='word_1_159' title='bbox 1271 2938 1337 2987; x_wconf 88' lang='lat' dir='ltr'><strong>nc-</strong></span> 
     </span>
     <span class='ocr_line' id='line_1_24' title="bbox 296 3025 1336 3123; baseline 0.004 -26"><span class='ocrx_word' id='word_1_160' title='bbox 296 3048 366 3120; x_wconf 91' lang='lat' dir='ltr'><strong>que</strong></span> <span class='ocrx_word' id='word_1_161' title='bbox 384 3025 430 3097; x_wconf 89' lang='lat' dir='ltr'><strong>ab</strong></span> <span class='ocrx_word' id='word_1_162' title='bbox 454 3025 619 3098; x_wconf 87' lang='lat' dir='ltr'><strong>hostibus</strong></span> <span class='ocrx_word' id='word_1_163' title='bbox 637 3026 800 3098; x_wconf 90' lang='lat' dir='ltr'><strong>externis</strong></span> <span class='ocrx_word' id='word_1_164' title='bbox 817 3049 936 3121; x_wconf 90' lang='lat' dir='ltr'><strong>neque</strong></span> <span class='ocrx_word' id='word_1_165' title='bbox 953 3027 998 3098; x_wconf 87' lang='lat' dir='ltr'><strong>ab</strong></span> <span class='ocrx_word' id='word_1_166' title='bbox 1015 3026 1159 3123; x_wconf 89' lang='lat' dir='ltr'><strong>injuriis</strong></span> <span class='ocrx_word' id='word_1_167' title='bbox 1176 3028 1336 3112; x_wconf 90' lang='lat' dir='ltr'><strong>mutuis;</strong></span> 
     </span>
     <span class='ocr_line' id='line_1_25' title="bbox 295 3138 1038 3235; baseline 0.001 -25"><span class='ocrx_word' id='word_1_168' title='bbox 295 3149 334 3209; x_wconf 91' lang='lat' dir='ltr'><strong>et</strong></span> <span class='ocrx_word' id='word_1_169' title='bbox 349 3138 505 3234; x_wconf 91' lang='lat' dir='ltr'><strong>proinde</strong></span> <span class='ocrx_word' id='word_1_170' title='bbox 522 3163 598 3211; x_wconf 93' lang='lat' dir='ltr'><strong>non</strong></span> <span class='ocrx_word' id='word_1_171' title='bbox 616 3139 771 3235; x_wconf 89' lang='lat' dir='ltr'><strong>amplius</strong></span> <span class='ocrx_word' id='word_1_172' title='bbox 785 3150 881 3212; x_wconf 89' lang='lat' dir='ltr'><strong>esset</strong></span> <span class='ocrx_word' id='word_1_173' title='bbox 898 3138 1038 3211; x_wconf 87' lang='lat' dir='ltr'><strong>civitas.</strong></span> 
     </span>
    </p>

    <p class='ocr_par' dir='ltr' id='par_1_8' title="bbox 296 3252 1338 3779">
     <span class='ocr_line' id='line_1_26' title="bbox 340 3252 1337 3350; baseline -0.002 -24"><span class='ocrx_word' id='word_1_174' title='bbox 340 3253 520 3326; x_wconf 87' lang='lat' dir='ltr'><strong>Doctrina</strong></span> <span class='ocrx_word' id='word_1_175' title='bbox 533 3263 637 3325; x_wconf 86' lang='lat' dir='ltr'><strong>sexta</strong></span> <span class='ocrx_word' id='word_1_176' title='bbox 651 3267 718 3342; x_wconf 90' lang='lat' dir='ltr'><strong>est,</strong></span> <span class='ocrx_word' id='word_1_177' title='bbox 731 3278 814 3350; x_wconf 82' lang='lat' dir='ltr'><strong>quae</strong></span> <span class='ocrx_word' id='word_1_178' title='bbox 828 3263 957 3327; x_wconf 91' lang='lat' dir='ltr'><strong>contra</strong></span> <span class='ocrx_word' id='word_1_179' title='bbox 970 3252 1164 3324; x_wconf 87' lang='lat' dir='ltr'><strong>essentiam</strong></span> <span class='ocrx_word' id='word_1_180' title='bbox 1178 3252 1337 3324; x_wconf 86' lang='lat' dir='ltr'><strong>civitatis</strong></span> 
     </span>
     <span class='ocr_line' id='line_1_27' title="bbox 296 3374 1338 3464; baseline 0.001 -27"><span class='ocrx_word' id='word_1_181' title='bbox 296 3377 423 3461; x_wconf 90' lang='lat' dir='ltr'><strong>aperte</strong></span> <span class='ocrx_word' id='word_1_182' title='bbox 444 3376 597 3460; x_wconf 86' lang='lat' dir='ltr'><strong>pugnat,</strong></span> <span class='ocrx_word' id='word_1_183' title='bbox 620 3388 764 3462; x_wconf 92' lang='lat' dir='ltr'><strong>nempe,</strong></span> <span class='ocrx_word' id='word_1_184' title='bbox 783 3390 957 3439; x_wconf 78' lang='lat' dir='ltr'><strong>summam</strong></span> <span class='ocrx_word' id='word_1_185' title='bbox 976 3374 1206 3463; x_wconf 76' lang='lat' dir='ltr'><strong>potestatem</strong></span> <span class='ocrx_word' id='word_1_186' title='bbox 1219 3390 1338 3464; x_wconf 76' lang='lat' dir='ltr'><strong>poree</strong></span> 
     </span>
     <span class='ocr_line' id='line_1_28' title="bbox 297 3477 1338 3575; baseline 0 -23"><span class='ocrx_word' id='word_1_187' title='bbox 297 3478 428 3552; x_wconf 81' lang='lat' dir='ltr'><strong>dividi.</strong></span> <span class='ocrx_word' id='word_1_188' title='bbox 481 3477 582 3551; x_wconf 81' lang='lat' dir='ltr'><strong>Quid</strong></span> <span class='ocrx_word' id='word_1_189' title='bbox 598 3479 697 3552; x_wconf 90' lang='lat' dir='ltr'><strong>enim</strong></span> <span class='ocrx_word' id='word_1_190' title='bbox 722 3481 823 3553; x_wconf 89' lang='lat' dir='ltr'><strong>aliud</strong></span> <span class='ocrx_word' id='word_1_191' title='bbox 848 3492 904 3552; x_wconf 86' lang='lat' dir='ltr'><strong>est</strong></span> <span class='ocrx_word' id='word_1_192' title='bbox 928 3490 1149 3575; x_wconf 85' lang='lat' dir='ltr'><strong>potestatem</strong></span> <span class='ocrx_word' id='word_1_193' title='bbox 1179 3479 1338 3552; x_wconf 89' lang='lat' dir='ltr'><strong>civitatis</strong></span> 
     </span>
     <span class='ocr_line' id='line_1_29' title="bbox 297 3592 1337 3681; baseline -0.001 -15"><span class='ocrx_word' id='word_1_194' title='bbox 297 3593 476 3681; x_wconf 81' lang='lat' dir='ltr'><strong>diuidere,</strong></span> <span class='ocrx_word' id='word_1_195' title='bbox 494 3592 565 3665; x_wconf 90' lang='lat' dir='ltr'><strong>nisi</strong></span> <span class='ocrx_word' id='word_1_196' title='bbox 582 3592 821 3666; x_wconf 74' lang='lat' dir='ltr'><strong>dissolvere?</strong></span> <span class='ocrx_word' id='word_1_197' title='bbox 873 3595 1076 3666; x_wconf 88' lang='lat' dir='ltr'><strong>Potestates</strong></span> <span class='ocrx_word' id='word_1_198' title='bbox 1092 3593 1191 3665; x_wconf 91' lang='lat' dir='ltr'><strong>enim</strong></span> <span class='ocrx_word' id='word_1_199' title='bbox 1210 3592 1337 3666; x_wconf 87' lang='lat' dir='ltr'><strong>divisae</strong></span> 
     </span>
     <span class='ocr_line' id='line_1_30' title="bbox 296 3706 706 3779; baseline 0.002 -1"><span class='ocrx_word' id='word_1_200' title='bbox 296 3718 426 3779; x_wconf 92' lang='lat' dir='ltr'><strong>mutuo</strong></span> <span class='ocrx_word' id='word_1_201' title='bbox 444 3729 483 3779; x_wconf 90' lang='lat' dir='ltr'><strong>se</strong></span> <span class='ocrx_word' id='word_1_202' title='bbox 497 3706 706 3779; x_wconf 88' lang='lat' dir='ltr'><strong>destruunt.</strong></span> 
     </span>
    </p>
   </div>
   <div class='ocr_carea' id='block_1_3' title="bbox 348 3819 1340 3907">
    <p class='ocr_par' dir='ltr' id='par_1_9' title="bbox 348 3819 1340 3907">
     <span class='ocr_line' id='line_1_31' title="bbox 348 3819 1340 3907; baseline 0 -14"><span class='ocrx_word' id='word_1_203' title='bbox 348 3819 670 3893; x_wconf 81' lang='lat' dir='ltr'><strong>Quemadmodum</strong></span> <span class='ocrx_word' id='word_1_204' title='bbox 704 3831 830 3892; x_wconf 89' lang='lat' dir='ltr'><strong>autern</strong></span> <span class='ocrx_word' id='word_1_205' title='bbox 864 3821 1044 3893; x_wconf 88' lang='lat' dir='ltr'><strong>doctrinae</strong></span> <span class='ocrx_word' id='word_1_206' title='bbox 1078 3842 1251 3907; x_wconf 86' lang='lat' dir='ltr'><strong>erroueae,</strong></span> <span class='ocrx_word' id='word_1_207' title='bbox 1287 3820 1340 3893; x_wconf 89' lang='lat' dir='ltr'><strong>ita</strong></span> 
     </span>
    </p>
   </div>
   <div class='ocr_carea' id='block_1_4' title="bbox 297 3933 1339 4370">
    <p class='ocr_par' dir='ltr' id='par_1_10' title="bbox 297 3933 1339 4370">
     <span class='ocr_line' id='line_1_32' title="bbox 297 3933 1339 4034; baseline -0.002 -27"><span class='ocrx_word' id='word_1_208' title='bbox 297 3935 409 4007; x_wconf 89' lang='lat' dir='ltr'><strong>etiam</strong></span> <span class='ocrx_word' id='word_1_209' title='bbox 436 3933 632 4034; x_wconf 89' lang='lat' dir='ltr'><strong>aliquando</strong></span> <span class='ocrx_word' id='word_1_210' title='bbox 654 3933 820 4028; x_wconf 86' lang='lat' dir='ltr'><strong>exempla</strong></span> <span class='ocrx_word' id='word_1_211' title='bbox 843 3935 1035 4007; x_wconf 89' lang='lat' dir='ltr'><strong>civitatum</strong></span> <span class='ocrx_word' id='word_1_212' title='bbox 1060 3933 1264 4005; x_wconf 88' lang='lat' dir='ltr'><strong>vicinarum</strong></span> <span class='ocrx_word' id='word_1_213' title='bbox 1291 3933 1339 4006; x_wconf 89' lang='lat' dir='ltr'><strong>ad</strong></span> 
     </span>
     <span class='ocr_line' id='line_1_33' title="bbox 298 4045 1339 4143; baseline 0.001 -24"><span class='ocrx_word' id='word_1_214' title='bbox 298 4047 521 4120; x_wconf 92' lang='lat' dir='ltr'><strong>mutationes</strong></span> <span class='ocrx_word' id='word_1_215' title='bbox 532 4045 672 4141; x_wconf 87' lang='lat' dir='ltr'><strong>politiae</strong></span> <span class='ocrx_word' id='word_1_216' title='bbox 681 4049 873 4142; x_wconf 68' lang='lat' dir='ltr'><strong>praesentis</strong></span> <span class='ocrx_word' id='word_1_217' title='bbox 887 4047 1027 4121; x_wconf 89' lang='lat' dir='ltr'><strong>hortari</strong></span> <span class='ocrx_word' id='word_1_218' title='bbox 1040 4047 1170 4119; x_wconf 91' lang='lat' dir='ltr'><strong>solent.</strong></span> <span class='ocrx_word' id='word_1_219' title='bbox 1208 4048 1265 4119; x_wconf 90' lang='lat' dir='ltr'><strong>lta</strong></span> <span class='ocrx_word' id='word_1_220' title='bbox 1273 4072 1339 4143; x_wconf 94' lang='lat' dir='ltr'><strong>po·</strong></span> 
     </span>
     <span class='ocr_line' id='line_1_34' title="bbox 297 4157 1338 4258; baseline -0.002 -25"><span class='ocrx_word' id='word_1_221' title='bbox 297 4162 406 4258; x_wconf 88' lang='lat' dir='ltr'><strong>pulus</strong></span> <span class='ocrx_word' id='word_1_222' title='bbox 424 4157 646 4232; x_wconf 80' lang='lat' dir='ltr'><strong>israeliticus</strong></span> <span class='ocrx_word' id='word_1_223' title='bbox 664 4159 710 4231; x_wconf 86' lang='lat' dir='ltr'><strong>ab</strong></span> <span class='ocrx_word' id='word_1_224' title='bbox 727 4159 935 4234; x_wconf 86' lang='lat' dir='ltr'><strong>imitatione</strong></span> <span class='ocrx_word' id='word_1_225' title='bbox 952 4160 1118 4256; x_wconf 86' lang='lat' dir='ltr'><strong>gentium</strong></span> <span class='ocrx_word' id='word_1_226' title='bbox 1135 4160 1338 4233; x_wconf 86' lang='lat' dir='ltr'><strong>vicinarum</strong></span> 
     </span>
     <span class='ocr_line' id='line_1_35' title="bbox 298 4272 1337 4370; baseline -0.003 -22"><span class='ocrx_word' id='word_1_227' title='bbox 298 4301 321 4348; x_wconf 90' lang='lat' dir='ltr'><strong>a</strong></span> <span class='ocrx_word' id='word_1_228' title='bbox 343 4276 422 4349; x_wconf 92' lang='lat' dir='ltr'><strong>Deo</strong></span> <span class='ocrx_word' id='word_1_229' title='bbox 440 4298 527 4369; x_wconf 87' lang='lat' dir='ltr'><strong>rege</strong></span> <span class='ocrx_word' id='word_1_230' title='bbox 545 4297 611 4346; x_wconf 93' lang='lat' dir='ltr'><strong>suo</strong></span> <span class='ocrx_word' id='word_1_231' title='bbox 635 4272 858 4365; x_wconf 64' lang='lat' dir='ltr'><strong>deficientes</strong></span> <span class='ocrx_word' id='word_1_232' title='bbox 882 4274 1102 4370; x_wconf 88' lang='lat' dir='ltr'><strong>prophetam</strong></span> <span class='ocrx_word' id='word_1_233' title='bbox 1131 4273 1337 4346; x_wconf 88' lang='lat' dir='ltr'><strong>Samuelem</strong></span> 
     </span>
    </p>
   </div>
   <div class='ocr_carea' id='block_1_5' title="bbox 0 0 1475 4980">
    <p class='ocr_par' dir='ltr' id='par_1_11' title="bbox 0 0 1475 4980">
     <span class='ocr_line' id='line_1_36' title="bbox 0 0 1475 4980; baseline 0 0"><span class='ocrx_word' id='word_1_234' title='bbox 0 0 1475 4980; x_wconf 95' lang='lat' dir='ltr'><strong> </strong></span> 
     </span>
    </p>
   </div>
  </div>
 </body>
</html>
