2926 4980
199 304 222 370 2
455 332 461 343 ·
562 315 863 370 rsrnooucrro.

199 491 327 558 artus.-
347 485 510 583 promia
521 495 559 558 et
564 510 691 583 poenoe
703 508 855 558 snmmae
864 484 1038 581 potestati
1051 509 1233 581 appensae,

200 632 238 695 et
253 647 276 695 a
292 623 423 718 quibus
447 624 610 695 membra
626 623 674 696 ad
690 647 797 696 suum
815 626 990 719 cujusque
1008 647 1100 719 opus
1124 626 1234 719 perfi-

199 761 369 836 ciendum
394 762 607 852 incitantur,
624 763 728 835 nervi
758 775 856 851 sunt,
882 763 946 859 qui
969 762 1067 834 idem
1093 762 1235 834 faciunt

199 897 237 972 in
254 923 406 996 corpore
419 900 598 975 naturali:
627 899 765 974 divitie
782 900 1032 999 singularium
1056 901 1236 973 hominum

199 1048 285 1110 sunt
301 1060 368 1133 pro
385 1037 520 1110 robore
535 1064 546 1110 s
572 1036 677 1109 aolus
688 1037 838 1136 populi,
856 1063 923 1135 pro
946 1038 1124 1137 negotio:
1151 1061 1236 1109 con-

198 1173 353 1265 siliarii,
384 1199 450 1273 per
479 1200 570 1273 quos
600 1199 644 1249 ea
673 1201 756 1273 quae
779 1179 930 1275 cognitu
955 1177 1159 1250 necessaria
1184 1175 1236 1248 illi

200 1323 286 1388 sunt
318 1326 575 1411 suggeruntur,
609 1339 678 1412 pro
713 1317 889 1389 memorio
923 1327 1033 1389 sunt:
1075 1315 1236 1413 requitur

201 1448 378 1549 legesque
394 1475 462 1548 pro
476 1452 657 1525 artificiali
672 1453 847 1527 ratione:
873 1453 1074 1527 concordia
1087 1454 1236 1526 sanitas

202 1598 284 1662 est:
311 1588 461 1679 reditio,
479 1588 651 1663 morbus:
679 1589 812 1664 bellum
840 1591 960 1679 civile,
988 1616 1098 1664 mors.
1151 1593 1237 1663 Pos-

202 1738 320 1803 tremo
343 1738 477 1824 pacto,
495 1729 626 1825 quibus
650 1739 773 1825 partes
792 1731 954 1826 corporis
970 1730 1080 1825 hujus
1096 1729 1237 1826 politici

200 1863 511 1960 conglutinantur,
524 1865 716 1938 imitantur
726 1866 889 1939 divinum
900 1865 990 1939 illud
1002 1866 1236 1958 verbumfiat

201 1999 277 2074 sive
290 2000 489 2098 sociamus
506 2002 693 2091 hominem,
711 2027 734 2077 a
749 2003 829 2077 Deo
846 2005 1030 2100 prolatum
1047 2004 1085 2075 in
1103 2003 1238 2099 princi·

200 2137 262 2237 pio
280 2161 363 2212 cum
381 2151 523 2214 crearet
539 2139 728 2214 mundum.

252 2277 421 2353 Hominis
450 2280 558 2378 hujus
584 2280 783 2354 artificialis
813 2292 984 2354 naturam
1014 2279 1234 2368 describam,

200 2416 466 2493 considerabo:

258 2565 289 2629 1.
317 2555 512 2631 Materiam
530 2559 608 2654 ejus
625 2570 664 2631 et
681 2558 870 2648 artificem,
887 2557 927 2631 id
943 2567 1011 2647 est,
1035 2556 1212 2629 hominem
1223 2583 1236 2628 .·

254 2702 290 2767 2.
318 2693 402 2769 Quo
428 2696 538 2770 modo
564 2707 602 2769 et
632 2697 763 2792 quibus
779 2696 897 2793 pactis
914 2696 1033 2768 factus
1050 2708 1128 2778 est;
1156 2719 1238 2791 quae

199 2830 293 2928 jura,
322 2854 402 2926 quoe
431 2844 594 2928 potestas
621 2833 695 2907 sive
714 2833 919 2906 authoritas
937 2833 1016 2927 ejus
1033 2845 1116 2916 est;
1144 2831 1237 2903 etin

203 2992 277 3066 quo
295 2967 431 3042 residet
441 2979 618 3067 potestas
635 2994 774 3042 summa
786 2997 799 3042 .·

254 3118 288 3183 3.
314 3108 417 3184 Quid
434 3120 490 3182 est
506 3107 642 3181 civitas
659 3107 877 3180 Christiana
892 3134 906 3179 .-

253 3256 288 3321 4.
316 3246 417 3322 Quid
434 3258 489 3320 est
505 3271 660 3345 regnam
677 3245 924 3319 tenebrarum.

255 3383 365 3468 Quod
391 3383 438 3457 ad
463 3384 622 3479 primum
638 3383 784 3472 attinet,
800 3381 973 3479 permulti
1000 3391 1085 3454 sunt
1102 3381 1163 3476 qui
1181 3405 1239 3453 sa-

204 3521 381 3619 pientiam
412 3521 539 3595 dicunt
568 3545 643 3594 non
668 3519 824 3616 legendo
850 3519 975 3608 libros,
994 3518 1058 3592 sed
1083 3519 1238 3615 legendo

203 3661 370 3736 homines
391 3660 552 3757 acquiri;
579 3672 618 3733 et
644 3659 836 3733 sententiae
858 3658 945 3731 huic
974 3669 1239 3754 consequenter

191 3794 269 3886 illi,
287 3795 349 3891 qui
365 3795 553 3892 sapientiae
570 3819 645 3869 snae
669 3795 812 3868 nullum
828 3794 929 3868 aliud
955 3795 1140 3891 specimen
1155 3819 1240 3891 pro-

205 3931 300 4007 ferre
317 3945 482 4030 possunt,
500 3933 607 4008 valde
624 3933 857 4029 sibimetipsis
873 3945 961 4005 tunc
978 3931 1137 4031 placent,
1156 3956 1239 4005 cum

206 4082 384 4170 quantum
400 4072 625 4169 profecerint
641 4069 881 4168 inspiciendo,
895 4069 1058 4143 censuris
1075 4069 1113 4141 in
1130 4091 1240 4164 prox-

206 4209 299 4286 imos
315 4223 445 4286 contra
462 4210 677 4285 charitatem
692 4208 944 4308 patefecerint.
987 4209 1100 4282 Extat
1115 4216 1239 4279 autem
