2926 4980
324 327 399 394 460
574 342 627 393 nn
648 342 790 395 naono
809 343 1113 398 rnnnnnxnun.

112 538 190 588 cnr.
203 538 300 590 xnrv.
325 532 434 604 quarn
452 532 536 581 curn
554 510 769 605 corporibus
787 511 824 583 in
842 513 1110 584 resurrectione
1137 511 1265 584 denuo
1291 511 1380 584 uni-

129 621 282 725 lffi
324 634 464 711 rentur,
483 646 665 695 mansurae
682 636 826 708 essent;
852 636 1104 719 poteruntque
1120 623 1252 720 aliqui,
1271 622 1380 720 quod

126 746 278 855 papalibus
324 735 602 830 requiescebant
618 735 686 808 sub
700 736 887 809 altaribus.
925 736 998 809 Sed
1012 735 1176 810 ecclesiae
1187 736 1379 811 Romana

126 826 188 919 all
194 819 306 922 m‘i'ieia
324 847 449 921 utilius
461 847 610 921 tandem
628 847 746 921 visum
759 860 826 937 est,
839 849 1065 922 mansionem
1075 849 1147 923 illis
1163 850 1266 924 hane
1283 850 1380 925 aedi·

127 940 296 998 &pm
324 962 434 1034 ficare
450 960 665 1057 purgatorii.

373 1073 652 1147 Consideremus
678 1076 756 1169 jam
782 1073 864 1147 loca
892 1075 1091 1171 Scripturae
1124 1074 1199 1164 illa,
1232 1077 1376 1172 quibus

323 1187 481 1260 maxime
503 1186 712 1258 innituntur
732 1210 874 1259 errores
899 1186 952 1259 illi
977 1198 1053 1260 tres
1070 1188 1238 1284 proxime
1257 1212 1374 1286 supe·

322 1299 448 1373 riores.
501 1300 737 1395 Argumentis
765 1302 861 1373 enim
887 1300 1110 1390 Bellarmini,
1129 1301 1265 1396 quibus
1282 1327 1375 1399 pro-

322 1414 410 1486 bare
436 1424 589 1486 conatus
612 1425 669 1486 est
694 1436 850 1509 regnum
876 1413 945 1486 Dei
972 1437 1053 1488 esse
1079 1415 1276 1489 ecclesiam
1302 1416 1373 1491 ad-

323 1526 564 1599 ministratam
592 1551 615 1599 a
641 1527 818 1599 Pontifice
850 1527 1015 1601 Romano
1047 1527 1085 1600 in
1116 1528 1186 1601 hoc
1212 1531 1373 1619 mundo,

322 1663 536 1736 responsum
554 1653 724 1729 estante,
743 1653 780 1713 et
803 1641 1105 1731 demonstratum,
1123 1666 1283 1738 regnum
1297 1645 1371 1719 Dei

322 1753 531 1826 institutum
565 1754 631 1825 sub
667 1753 772 1826 Mose
807 1753 956 1827 desiisse
984 1754 1023 1827 in
1050 1755 1229 1829 electione
1265 1759 1370 1855 regia

323 1865 435 1955 Sauli,
462 1877 603 1961 etpost
625 1865 716 1938 illud
742 1877 886 1962 tempus
910 1867 1135 1941 sacerdotem
1164 1893 1368 1961 summum,

321 1980 545 2053 authoritate
571 1979 731 2075 propria,
758 2004 883 2076 regem
910 1981 1054 2054 Israelis
1080 1982 1221 2055 nullum
1248 1983 1369 2081 depo-

322 2093 447 2166 suisse.
500 2093 543 2165 ld
562 2092 659 2164 enim
677 2092 776 2188 quod
794 2092 950 2167 Athaliae
965 2093 1055 2166 fecit
1072 2095 1244 2169 sacerdos
1262 2121 1366 2171 sum-

322 2231 413 2295 mus,
441 2230 516 2278 non
547 2208 630 2301 jure
658 2230 724 2277 suo
751 2205 850 2291 fecit,
883 2204 947 2278 sed
977 2208 1059 2302 jure
1089 2209 1186 2304 regis
1219 2210 1365 2301 Joashi,

321 2318 478 2392 Athaliae
494 2319 570 2391 filii.
624 2317 697 2391 Sed
721 2342 786 2390 rex
805 2319 979 2391 Salomon
996 2322 1079 2416 jure
1097 2345 1163 2394 suo
1181 2322 1366 2398 Abiatha-

320 2459 401 2506 rnm
429 2432 597 2528 deposuit
624 2431 851 2505 sacerdotem
884 2456 1077 2522 summum,
1106 2444 1143 2506 et
1172 2434 1364 2511 inlocum

320 2548 397 2643 ejus
429 2544 621 2619 collocavit
648 2545 771 2617 alium.
824 2545 942 2617 Locus
976 2558 1098 2619 autem
1124 2546 1364 2625 difficillimus

319 2684 446 2733 eorum
474 2683 555 2753 qnae
581 2657 815 2730 adducuntur
833 2656 880 2729 ad
897 2658 1124 2753 probandum
1151 2660 1252 2754 quod
1275 2686 1362 2760 reg-

318 2797 407 2845 num
428 2773 496 2844 Dei
523 2772 560 2843 in
586 2770 656 2842 hoc
683 2771 819 2843 mundo
845 2796 943 2843 nunc
970 2773 1103 2862 existit,
1121 2772 1320 2849 adducitur
1339 2804 1363 2853 a

320 2887 427 2975 Beza,
452 2887 513 2980 qui
543 2908 697 2980 regnum
725 2884 793 2956 Dei
819 2885 995 2980 incepisse
1022 2885 1112 2959 dicit
1133 2912 1156 2959 a
1172 2910 1361 2963 resurrec-

318 3001 417 3073 tione
436 2998 584 3087 Christi,
602 2997 687 3069 inde
704 3008 924 3092 potestatem
942 3022 1149 3094 supremam
1167 3001 1360 3077 ecclesias-

317 3113 439 3200 ticam,
458 3112 496 3183 in
514 3110 721 3183 civitatibus
746 3110 974 3199 Christiania,
994 3111 1184 3184 civitatum
1209 3113 1359 3190 illarum

316 3224 552 3321 presbyteriis
579 3246 754 3295 asserens.
807 3223 855 3294 Et
883 3236 1014 3295 notum
1038 3236 1104 3314 est,
1127 3228 1359 3323 presbyteria

316 3339 378 3411 illa
404 3340 442 3409 in
460 3337 641 3432 aliquibus
658 3337 747 3408 locis
773 3359 878 3431 reges
896 3359 980 3409 snos
998 3340 1355 3430 excommunicasse3

316 3466 354 3524 et
371 3463 621 3547 suprematum
639 3451 678 3522 in
696 3449 873 3545 religione
891 3474 965 3522 non
984 3451 1103 3524 minus
1120 3451 1158 3524 in
1177 3453 1247 3526 illis
1264 3456 1356 3532 locis

315 3564 384 3636 sibi
402 3587 603 3660 arrogasse,
621 3587 731 3658 qnam
749 3563 905 3635 eandem
921 3576 1143 3659 potestatem
1161 3566 1229 3639 sibi
1247 3572 1355 3644 attri-

314 3678 395 3750 buit
412 3677 665 3749 universaliter
682 3676 848 3748 Pontifex
867 3676 1065 3750 Romanua

367 3790 489 3862 Verba
523 3789 655 3883 quibus
690 3788 871 3875 innititur,
908 3801 1005 3876 sunt,
1037 3791 1152 3863 Marc.
1177 3792 1251 3864 viii.
1280 3803 1352 3868 39:

315 3906 432 3976 [laten
457 3904 542 3975 (lico
570 3901 685 3991 nobis,
703 3902 790 3995 qaia
809 3912 893 3973 sunt
911 3903 1062 4000 qnidam
1089 3904 1136 3977 de
1159 3904 1219 3978 hic
1250 3917 1354 3981 staa-

316 4018 426 4107 tihnn,
444 4018 509 4114 qni
536 4042 606 4088 aon
634 4014 843 4113 gustabunt
869 4025 1032 4104 mortem,
1058 4016 1174 4090 donec
1200 4019 1353 4094 rideant

315 4156 470 4228 regnum
502 4131 577 4204 Dei
608 4130 755 4201 veniens
782 4128 820 4199 ia
847 4129 995 4201 uirtute.
1060 4129 1201 4204 Quibus
1230 4134 1353 4207 verbis

312 4245 550 4338 grammatice
580 4243 751 4338 acceptia,
777 4242 1015 4338 significatur,
1033 4245 1091 4317 vel
1117 4245 1278 4341 aliquem
1305 4272 1351 4322 ex
