2926 4980
306 343 379 421 278
549 360 603 412 nu
623 360 816 412 clv1'l'ATE
838 360 1104 412 cnarsrmun.

95 560 172 610 cup
176 561 290 610 xxxffi
306 529 345 602 id
358 529 487 618 sciant,
500 530 788 625 nisi'aDeo1pso
802 529 1128 624 supernaturaliter
1146 528 1347 603 revelatum

93 647 281 755 Dessw
307 655 414 729 esset,
429 643 649 739 impossibile
663 656 730 716 est
758 643 1010 717 Quaestionem
1021 643 1117 714 hano
1135 657 1348 738 proponunt

92 768 293 886 rrffiqucopo
307 757 408 828 alii
382 782 450 829 sm:
470 781 536 829 cur
548 757 733 830 credimur
745 757 876 854 Script
878 780 969 828 urna
983 780 1098 828 esse
1077 754 1223 828 uerbum
1236 757 1346 829 Deir

92 903 164 956 ιιιιιιι
141 899 212 943 ιιιιιι
212 899 292 943 ιιιιι
306 870 365 942 cui
388 870 593 964 qnaestioni,
612 870 708 965 quia,
732 883 774 942 ut
798 869 835 941 id
853 868 1005 942 credant
1026 868 1159 941 diversi
1180 869 1348 944 homines

105 976 240 1008 ΜΨ
241 978 269 1009 ¹¹¹
303 996 454 1079 propter
472 1007 600 1055 causas
617 982 777 1055 diversas
796 980 1032 1069 inducuntur,
1052 982 1238 1077 responsio
1265 985 1347 1055 uni·

304 1095 451 1168 versalis
471 1095 548 1168 dari
566 1120 639 1168 non
657 1107 790 1191 potest.
848 1095 1070 1168 Quaestionis
1096 1106 1211 1168 status
1237 1119 1346 1169 verus

303 1214 363 1285 hio
389 1224 466 1285 est:
494 1238 569 1310 qua
596 1213 828 1285 authoritate
855 1211 1063 1310 Scriptum
1089 1213 1220 1285 Sucrce
1242 1215 1348 1307 fiunt

303 1326 420 1425 leger.
1279 1326 1285 1338 '

353 1441 544 1514 Quatenus
557 1464 634 1512 non
649 1439 822 1512 differunt
837 1440 1035 1535 Scripturae
1049 1463 1072 1510 a
1084 1438 1224 1535 legibus
1239 1451 1347 1512 natu-

302 1576 364 1640 rae,
383 1552 531 1625 dubium
551 1564 698 1625 nonest
717 1554 806 1649 quin
824 1554 897 1626 sint
915 1553 1014 1648 leges
1042 1552 1122 1640 Dei,
1141 1554 1342 1626 authorita-

301 1677 447 1762 temque
459 1666 595 1738 habent
605 1667 784 1755 omnibus,
796 1666 858 1762 qui
871 1665 1012 1738 ratione
1026 1667 1184 1738 naturali
1198 1669 1346 1762 praediti

301 1793 399 1869 sunt,
410 1779 651 1852 manifestam.
704 1781 778 1852 Sed
790 1781 994 1852 authoritas
1009 1780 1088 1852 haec
1107 1780 1179 1851 alia
1196 1805 1269 1852 non
1288 1794 1346 1853 est

302 1917 412 1988 qnam
431 1917 513 1988 quae
532 1892 709 1966 doetrinae
726 1894 826 1966 omni
843 1893 985 1982 morali,
1004 1893 1034 1966 si
1052 1916 1139 1965 vera
1162 1894 1222 1982 sit,
1240 1895 1345 1966 attri-

300 2006 447 2079 buenda
464 2019 531 2079 est.

352 2122 391 2194 Si
425 2121 525 2218 leges
560 2145 583 2193 a
619 2120 699 2193 Deo
734 2120 813 2215 ipso
838 2120 948 2192 faetae
974 2119 1058 2209 sint,
1085 2144 1218 2216 nempe
1244 2120 1345 2216 leges

302 2235 433 2308 divinae
458 2234 638 2331 positivae,
664 2233 764 2306 nulla
792 2233 989 2306 accedente
1020 2234 1242 2305 authoritate
1276 2233 1345 2304 hu-

301 2371 420 2437 mana,
439 2348 509 2420 illis
539 2347 625 2420 solis
648 2347 746 2442 leges
770 2357 867 2433 sunt,
887 2347 1018 2441 quibus
1045 2347 1143 2419 Deus
1169 2346 1266 2442 ipsas
1292 2347 1347 2419 ita

300 2461 558 2557 promulgavit,
579 2473 622 2532 nt
646 2460 747 2532 nulla
772 2459 845 2532 illis
872 2482 938 2555 per
964 2459 1210 2554 ignorantiam
1237 2460 1346 2532 relin-

302 2585 433 2669 quatur
445 2573 644 2645 excusatio.

351 2688 408 2760 llli
431 2688 556 2783 igitur,
575 2687 705 2782 quibus
724 2686 822 2758 Dens
841 2709 915 2757 non
936 2684 1112 2757 revelavit
1129 2697 1346 2781 supernatu-

301 2805 436 2894 raliter,
452 2803 551 2899 quod
568 2804 767 2899 Scripturae
785 2803 830 2874 ab
842 2803 904 2874 illo
920 2813 1016 2892 sunt,
1029 2803 1087 2875 vel
1100 2827 1173 2892 eos,
1193 2804 1255 2900 qui
1266 2804 1345 2876 illas

298 2919 514 3015 praedicant,
532 2918 578 2989 ab
597 2940 640 2988 eo
652 2917 784 2987 missos
799 2939 890 3004 esse,
901 2915 1012 3005 nulla,
1024 2927 1066 2988 ut
1080 2941 1140 2988 eas
1152 2918 1344 3012 recipiant,

299 3032 521 3105 authoritate
539 3030 762 3124 obligantur,
781 3042 1025 3124 praeterquam
1052 3032 1141 3125 ejuS,
1160 3031 1222 3126 qui
1246 3055 1344 3103 sum-

297 3168 395 3216 mam
413 3145 523 3216 habet
540 3143 577 3214 in
597 3141 747 3213 civitate
766 3152 999 3236 potestatem.
1037 3142 1073 3213 ls
1085 3143 1181 3213 enim
1199 3143 1345 3239 legisla-

298 3272 357 3331 tor
382 3259 479 3330 solus
504 3269 570 3328 est.
624 3255 777 3341 Rursus
797 3255 827 3325 si
853 3255 1056 3327 authoritas
1084 3255 1242 3327 civitatis
1269 3280 1344 3328 non

297 3372 356 3459 sit,
372 3395 453 3464 quae
468 3369 676 3464 Scripturas
693 3365 783 3439 facit
800 3391 879 3440 esse
897 3368 1008 3463 leges,
1027 3368 1252 3441 authoritate
1278 3369 1343 3441 ali-

298 3509 370 3580 qua
387 3482 467 3568 alia,
487 3483 544 3554 vel
562 3482 707 3577 privata
725 3481 782 3553 vel
800 3481 958 3577 publiea,
973 3481 1011 3554 id
1023 3483 1095 3554 fiet.
1135 3482 1174 3553 Si
1186 3481 1342 3577 privata,

296 3600 327 3670 is
354 3596 451 3668 solus
482 3594 529 3667 ad
564 3593 812 3666 obedientiam
848 3607 1008 3681 tenetur,
1035 3595 1094 3666 cui
1129 3595 1228 3667 Deus
1263 3595 1343 3668 illas

296 3707 620 3806 supernaturaliter
637 3731 704 3802 pro
717 3707 860 3802 legibus
875 3707 1039 3779 dictavit.
1093 3708 1187 3779 Nam
1203 3708 1232 3779 si
1246 3732 1342 3781 unus

296 3824 448 3920 quisque
466 3846 533 3917 pro
547 3821 689 3916 legibus
705 3819 837 3892 divinis
849 3821 984 3892 habere
998 3822 1222 3917 obligaretur
1239 3824 1342 3918 quic-

296 3937 383 4034 quid
400 3936 542 4031 aliquis,
556 3944 738 4031 praetextu
756 3934 1007 4029 inspirationis
1025 3935 1083 4006 vel
1096 3936 1341 4023 revelationis,

295 4050 524 4131 obtruderet;
554 4048 592 4120 in
605 4059 711 4120 tanto
722 4047 914 4119 hominum
925 4071 1077 4121 numero
1089 4073 1155 4144 per
1165 4073 1340 4145 arrogan-

294 4165 381 4236 tiam
403 4164 461 4235 vel
478 4161 726 4258 ignorantiam
746 4160 897 4249 somnia,
916 4161 1184 4256 phantasmata,
1202 4163 1339 4235 insani-

295 4300 425 4372 amque
442 4299 509 4371 pro
522 4275 679 4369 Spiritus
697 4273 819 4346 Divini
837 4273 1057 4347 testimoniis
1068 4274 1337 4370 accipientium,
1378 4353 1386 4369 ‚
