2926 4980
330 351 377 431 76
718 372 772 422 on
793 372 976 425 nostrus.

147 570 226 620 cap,
240 571 276 621 x,
326 538 428 624 baro,
446 539 677 612 honorabiles
694 552 792 630 sunt,
810 554 853 613 ut
875 541 938 637 qui
960 540 1170 636 significant
1187 551 1366 634 quantum

143 651 293 760 *⁶⁴OE
326 674 388 724 eos
401 652 558 725 aestimet
576 653 607 725 is
622 653 679 726 vel
696 653 760 744 illi,
777 653 840 750 qui
853 654 1013 728 civitatis
1031 677 1211 726 summam
1227 652 1366 727 habent

112 714 315 832 diffiffiord
325 775 556 859 potestatem.
607 766 720 840 Tituli
744 779 868 840 autem
892 768 945 840 illi
966 767 1114 840 fuerunt
1135 767 1222 840 olim
1239 768 1365 841 minis-

326 879 410 950 terii
431 879 579 974 publici,
597 891 636 954 et
653 880 808 955 derivati
830 881 966 978 partim
982 905 1005 953 a
1025 880 1211 971 Romanis
1228 881 1364 975 partim

323 1014 346 1062 a
364 991 553 1064 Germanis
571 1003 609 1064 et
625 992 749 1065 Gallis.
801 992 928 1066 Duces
953 991 1051 1065 enim
1072 1005 1190 1077 erant,
1208 992 1272 1087 qui
1290 992 1364 1064 Ro-

322 1127 516 1177 manorum
534 1105 716 1178 exercitus
733 1105 941 1179 duxerunt:
972 1105 1145 1194 Comites,
1169 1105 1232 1202 qui
1250 1105 1364 1177 comi-

322 1218 496 1290 tabantur
510 1217 644 1303 duces;
672 1219 804 1315 quibus
822 1218 932 1291 etiam
949 1218 1032 1291 loca
1045 1232 1155 1314 capta
1168 1230 1207 1290 et
1220 1231 1363 1313 pacata,

322 1355 345 1402 a
357 1330 594 1404 redeuntibus
610 1331 763 1404 ducibus
777 1331 940 1427 regenda
956 1343 995 1404 et
1012 1330 1168 1404 tutanda
1181 1330 1364 1425 relinque-

321 1443 477 1516 bantur:
505 1444 750 1517 Marcllonea·
776 1445 928 1517 comites
952 1455 1069 1534 erant,
1098 1443 1161 1539 qui
1187 1445 1364 1540 regebant

322 1556 466 1652 imperii
484 1556 629 1630 limites.
681 1557 805 1653 Atque
823 1556 922 1629 tituli
936 1556 1023 1647 duc,
1038 1580 1169 1644 comeo,
1183 1556 1361 1645 marchio,

322 1669 360 1741 in
377 1670 570 1765 imperium
585 1670 792 1743 Romanum
810 1668 1011 1743 introducti
1024 1679 1110 1741 sunt
1126 1693 1149 1740 a
1166 1683 1362 1742 consuetu-

323 1782 408 1855 dine
430 1782 569 1855 militiae
587 1782 812 1856 Germanicae
829 1783 928 1855 circa
944 1792 1111 1878 tempora
1129 1781 1362 1855 Constantini

323 1894 463 1991 Magni.
498 1896 548 1968 At
566 1894 658 1967 doro
676 1895 865 1968 Gallorum
881 1895 1009 1968 titulus
1021 1895 1166 1967 videtur
1183 1917 1273 1985 esse,
1287 1896 1361 1991 sig-

321 2007 519 2105 nificatque
542 2032 717 2103 magnum
739 2008 937 2098 hominem,
954 2007 1012 2080 vel
1030 2018 1250 2103 magnatem,
1269 2032 1361 2103 quo-

320 2142 403 2192 rum
429 2121 467 2194 in
493 2121 649 2218 negotiis
674 2121 814 2195 bellicis
840 2145 953 2217 opera
976 2121 1134 2194 maxime
1160 2122 1360 2195 utebantur

321 2255 438 2329 reges
490 2233 659 2307 Deducta
676 2246 800 2307 autern
817 2234 965 2307 videtur
988 2258 1062 2307 vox
1087 2259 1110 2306 a
1135 2234 1266 2307 Latina
1287 2235 1358 2325 air,

320 2345 418 2418 unde
441 2346 557 2419 facilis
583 2357 637 2419 est
660 2348 782 2443 lapsus
807 2347 854 2419 ad
879 2346 956 2437 ber,
974 2360 1012 2419 et
1035 2346 1361 2443 bar,quaeling11a

321 2460 508 2534 Gallorum
531 2460 628 2533 idem
652 2461 880 2556 significabat
898 2460 997 2556 quod
1017 2460 1146 2532 Latine
1163 2461 1247 2543 oir,·
1273 2460 1359 2535 inde

320 2573 436 2647 facilis
450 2586 529 2647 erat
542 2574 717 2647 transitus
729 2573 777 2646 ad
792 2574 879 2647 bero
897 2585 934 2647 et
953 2573 1071 2657 darm
1098 2588 1137 2646 et
1150 2574 1235 2646 inde
1248 2575 1359 2648 fiebat

321 2687 490 2760 Ciceroni
506 2711 578 2760 vox
595 2687 728 2760 Latina
745 2687 912 2776 hereneo,
931 2697 968 2759 et
990 2698 1119 2782 postea
1140 2687 1280 2761 Gallica
1297 2686 1359 2759 bn-

320 2824 441 2890 ronea,
466 2812 503 2873 et
529 2800 732 2897 Hispanico
757 2824 925 2872 corones.
978 2800 1070 2873 Haec
1095 2814 1133 2873 et
1155 2800 1227 2872 alia
1243 2799 1360 2872 multa

320 2912 366 2984 de
388 2913 444 2985 his
465 2912 603 3008 scripta
621 2912 784 2985 invenies
802 2911 1009 2984 aJohanne
1033 2912 1190 2985 Seldeno
1208 2913 1245 2984 in
1263 2911 1358 2985 libro

320 3025 365 3097 de
382 3024 519 3097 Titulia
531 3024 710 3096 Honoris.
745 3024 1008 3119 Progrediente
1018 3035 1195 3120 tempore,
1209 3034 1358 3120 propter

318 3136 548 3233 quorundam
572 3137 763 3208 hominum
787 3137 990 3232 potentiam
1016 3136 1054 3209 in
1078 3159 1192 3232 regno
1216 3134 1357 3230 Angliae

318 3250 527 3345 reipublicae
561 3249 841 3338 incommodam,
872 3250 1097 3322 cessantibus
1128 3262 1193 3323 aut
1226 3247 1357 3321 ablatis

318 3362 549 3435 titulatorum
562 3363 692 3434 borum
702 3361 889 3457 potentiis,
903 3361 1000 3435 tituli
1012 3361 1162 3434 tandem
1173 3361 1211 3433 in
1225 3359 1357 3433 divites

318 3477 377 3548 vel
394 3478 485 3549 bene
503 3478 654 3551 meritos
671 3478 718 3551 ad
736 3477 874 3551 nullam
896 3477 1007 3549 aliam
1024 3500 1102 3550 rem
1120 3477 1243 3551 collati
1260 3488 1357 3554 sunt,

318 3613 428 3685 quam
452 3590 500 3662 ad
530 3590 808 3686 distinguendos
837 3589 971 3662 civium
994 3590 1163 3675 ordines;
1195 3590 1357 3687 factique

318 3714 402 3776 sunt
429 3702 552 3791 duces,
575 3703 739 3791 comites,
762 3702 1002 3792 marchiones,
1025 3714 1063 3776 et
1083 3703 1240 3776 barones
1258 3703 1356 3777 loco-

316 3838 411 3900 rum,
425 3816 488 3888 ubi
503 3840 572 3889 nec
586 3816 780 3912 imperium
797 3816 913 3888 ullum
926 3840 1046 3911 neque
1060 3840 1169 3912 agros
1181 3816 1355 3891 habuere.

366 3928 536 4023 Dignitas
562 3929 671 4002 etiam
697 3929 877 4024 accipitur
906 3928 1102 4023 aliquando
1127 3954 1195 4025 pro
1221 3931 1355 4025 aptitu-

316 4038 422 4112 dine:
449 4053 493 4113 ut
516 4041 648 4137 dignus
669 4041 768 4114 sitis
794 4042 948 4137 imperio,
974 4042 1032 4115 vel
1057 4044 1274 4139 magistratu
1291 4042 1354 4139 qui

317 4152 470 4225 idoneae
499 4165 566 4242 est,
590 4153 628 4226 id
659 4164 727 4243 est,
751 4153 814 4249 qui
842 4153 1079 4248 qualitatibus
1103 4156 1173 4230 illis
1198 4156 1353 4229 maxime

314 4266 490 4361 praeditus
507 4279 574 4356 est,
588 4291 669 4364 quae
685 4266 735 4339 ad
752 4266 945 4362 imperium
963 4279 1001 4342 et
1017 4269 1271 4366 magistratum
1288 4268 1353 4342 ad-
