2926 4980
353 374 409 426 na
428 375 569 427 naono
588 358 890 427 sansananuu.
1066 351 1136 419 481

104 543 264 639 tollere:
290 553 328 616 et
355 546 457 642 qaod
480 544 621 618 lethale
653 554 722 634 eat,
756 544 836 615 siae
861 565 959 614 aoaa
989 537 1115 612 bibero
1128 565 1142 609 .·
1164 563 1241 613 car.
1256 563 1337 612 rav.

105 667 272 756 cegrotoo
289 683 456 730 manuam
476 657 711 756 impositione
727 658 899 728 sanare?
951 653 1006 725 De
1024 648 1141 748 quaes'-
1156 646 1329 751 Dm]
1417 668 1419 673 ⁴

104 771 205 844 tione
232 772 301 844 hae
329 771 552 860 difficillima,
579 771 669 843 nihil
697 770 814 842 habeo
844 767 935 840 certi
963 766 1061 862 quod
1085 770 1342 891 reqiqjsseffln

105 884 316 979 spondeam.
369 885 443 958 Sed
469 884 550 959 fieri
574 895 709 980 potest,
728 883 825 956 dona
846 883 926 955 haec
943 879 1144 976 spiritualia
1155 901 1299 946 sanarum.

106 999 270 1073 ecclesiae
288 1023 461 1072 concessa
476 998 589 1072 fuisse
605 996 758 1084 tamdiu,
775 1019 843 1068 neo
867 993 1016 1082 diutius,
1033 1014 1143 1088 quam

106 1111 312 1184 doctrinam
346 1110 594 1207 evangelicam
621 1135 697 1183 non
730 1110 908 1182 haberent
942 1103 1144 1178 Christiani

107 1224 293 1320 scriptam.
347 1224 479 1296 Postea
494 1247 594 1310 vero,
611 1235 653 1296 ut
675 1222 735 1318 pie
752 1220 853 1294 credi
870 1231 1005 1317 potest,
1029 1217 1144 1314 scrip-

107 1350 229 1411 turam
246 1337 345 1409 illam
361 1361 428 1432 pro
455 1336 536 1433 lege
562 1347 742 1433 perpetua
757 1334 884 1407 haberi
901 1332 1016 1406 voluit
1033 1332 1143 1419 Deus,

107 1474 228 1547 neque
245 1449 399 1544 amplius
416 1449 600 1522 miraculis
617 1448 881 1535 aestimandam,
901 1446 1071 1541 aquibus
1089 1444 1144 1517 di-

108 1564 264 1658 ligenter
281 1564 326 1636 ab
344 1563 470 1636 electis
486 1563 690 1636 cavendum
713 1585 792 1636 esse
816 1574 854 1633 et
881 1560 1049 1633 Christus
1066 1559 1144 1655 ipse

109 1689 147 1750 et
165 1675 319 1773 apostoli
336 1678 414 1772 ejus
440 1676 657 1765 docuerunt,
674 1700 722 1748 ne
749 1700 772 1748 a
797 1672 897 1746 falsis
925 1673 1080 1746 Christis
1107 1686 1145 1745 et

107 1790 297 1887 prophetis
315 1789 581 1886 deciperentur.

159 1905 260 1976 Inter
282 1902 454 1999 reliquias
482 1902 690 1976 ethnicismi
712 1900 939 1974 numeranda
962 1899 1073 1973 etiam
1091 1910 1147 1971 est

109 2015 285 2090 odo-ratio
309 2015 522 2113 imaginum,
541 2039 624 2110 quae
640 2014 826 2110 prohibita
843 2038 865 2086 a
881 2012 987 2086 Mose
1004 2013 1043 2085 in
1059 2013 1146 2085 Tes-

109 2140 275 2202 tamento
291 2127 430 2216 Veteri,
445 2139 481 2200 et
505 2153 528 2201 a
546 2128 695 2200 Christo
714 2138 752 2200 et
775 2125 947 2222 apostolis
965 2125 1004 2197 in
1020 2126 1148 2198 Testa·
1255 2203 1256 2207 ,

109 2254 235 2314 mento
263 2241 382 2330 Novo,
413 2266 487 2314 non
513 2241 726 2336 agentibus
752 2240 792 2312 in
817 2238 1008 2313 eeclesiam
1033 2238 1147 2328 illata,

95 2354 175 2428 ‚sed
199 2355 327 2427 relicta
351 2366 418 2443 est,
446 2355 619 2428 nimirum
650 2354 688 2426 in
715 2354 798 2442 illis,
821 2353 883 2448 qui
908 2353 1057 2425 nomina
1081 2376 1149 2425 sua

111 2467 258 2540 Christo
277 2468 464 2557 dederant,
478 2493 554 2542 non
570 2467 716 2565 penitus
730 2467 902 2540 extincta.
941 2467 1148 2562 Antequam

111 2580 210 2655 enim
244 2582 417 2655 Servator
451 2596 576 2655 noster
609 2581 720 2654 fidem
744 2605 867 2653 veram
900 2579 1147 2675 praedicasset,

110 2696 328 2792 religionum
343 2695 506 2768 omnium
520 2695 748 2768 ethnicarum
762 2718 915 2782 summa,
931 2705 968 2766 et
979 2692 1080 2789 quasi
1091 2715 1148 2763 re-

110 2808 259 2904 ligionis
277 2809 447 2897 essentia,
465 2810 584 2881 cultus
603 2818 683 2880 erat
700 2807 920 2895 daemonum,
934 2807 973 2880 id
990 2818 1057 2895 est,
1073 2805 1150 2876 ido·

110 2921 231 2993 lorum
245 2921 320 2994 sive
337 2921 634 3016 phantasmatum
651 2920 834 3004 adoratio;
853 2944 934 3016 quae
951 2919 1050 2992 idola
1061 2941 1150 3014 gen·

110 3046 167 3107 tes
181 3034 328 3130 quidem
344 3045 568 3130 putaverunt
578 3057 655 3106 esse
666 3032 815 3128 aliquid,
830 3033 867 3104 S.
880 3031 1013 3105 Paulus
1026 3043 1150 3104 autem

116 3149 150 3240 (l
168 3147 250 3220 Cor.
263 3148 336 3220 viii.
352 3150 392 3241 4)
409 3148 506 3221 nihil
518 3172 596 3220 esse
615 3148 799 3220 docuerat.
829 3145 866 3219 S.
878 3145 1010 3218 Paulus
1028 3157 1150 3217 tamen

113 3260 311 3355 imaginem
328 3284 375 3333 ex
398 3286 499 3351 auro,
517 3272 683 3357 argento,
701 3259 834 3356 lapide,
851 3259 909 3330 vel
935 3258 1035 3354 ligno
1059 3256 1151 3329 nihil

114 3396 192 3444 esse
210 3398 285 3445 non
302 3374 468 3469 putavit;
495 3374 560 3447 sed
590 3373 688 3469 quod
711 3372 750 3445 in
777 3372 935 3466 imagine
959 3370 1151 3444 coluerunt

114 3497 254 3581 genteS,
273 3486 311 3558 id
337 3487 530 3560 affirmavit
553 3510 693 3559 meram
719 3486 937 3580 figmentum
961 3507 1050 3573 esse,
1073 3483 1151 3556 sine

115 3600 208 3687 loco,
226 3599 464 3689 habitatione,
482 3611 596 3689 motu,
615 3611 652 3673 et
675 3598 878 3672 existentia.
931 3596 988 3670 Illi
1015 3609 1151 3686 autem,

115 3713 179 3809 qui
197 3737 240 3784 ea
256 3713 424 3801 adorant,
438 3713 476 3785 id
494 3725 561 3800 est,
581 3713 704 3786 divino
721 3713 861 3785 honore
879 3710 1016 3799 colunt,
1028 3710 1152 3807 appel-

114 3826 238 3899 lantur
252 3826 290 3898 in
308 3827 507 3922 Scripturis
524 3826 721 3899 idololatri
741 3838 779 3898 et
796 3825 834 3897 in
851 3826 969 3896 Deum
987 3823 1151 3895 rebelles

116 3939 309 4034 Regnante
333 3939 431 4011 enim
453 3938 492 4012 in
508 3938 646 4012 ludaeis
664 3940 756 4029 Deo,
774 3950 812 4010 et
842 3937 964 4010 locum
994 3938 1072 4031 ejus
1097 3947 1153 4008 te-

114 4054 289 4125 nentibus
307 4054 410 4125 Mose
428 4064 466 4124 et
483 4053 672 4126 sacerdote
691 4077 844 4139 summo,
863 4051 894 4122 si
910 4050 1046 4146 populo
1063 4050 1153 4122 ima-

114 4167 231 4262 gineS,
259 4165 298 4238 id
323 4177 390 4254 est,
413 4165 669 4261 phantasmata
698 4189 764 4238 sua
793 4163 911 4236 colere
936 4162 1153 4256 permissum

116 4280 257 4364 fnisset,
276 4304 351 4352 non
378 4279 533 4375 amplius
563 4278 743 4375 obligatos
761 4302 799 4351 se
818 4301 896 4350 esse
915 4275 1153 4349 credidissent

217 4416 310 4467 vol..
326 4416 390 4466 111.
1004 4413 1017 4461 1
1040 4412 1053 4462 1
