2926 4980
347 412 400 463 nn
422 411 616 464 crvrmuu
637 411 903 463 cumscmua.
1072 393 1144 464 353

106 588 216 665 terra,
243 576 325 651 duae
351 587 455 650 erant
488 590 635 673 partes:
662 575 789 666 altera,
817 587 860 648 ut
889 598 928 649 se
958 575 1144 649 Christum
1172 614 1251 664 epp,
1267 614 1338 664 xm,

106 714 184 763 esse
200 692 457 786 profiteretur;
475 691 601 779 altera,
618 702 662 763 ut
678 714 744 785 per
762 690 968 763 doctrinam
986 703 1144 765 suamet
1172 695 1337 802 „oza-mg·

104 828 172 898 per
200 805 449 898 operationem
475 805 735 877 miraculorum
751 804 928 900 populum
947 803 1144 900 persuade·
1172 824 1314 900 wude·

104 926 164 989 ret
179 928 396 1012 pararetque
423 918 476 990 ita
495 918 689 1002 viverent
716 916 818 1013 digni
844 928 967 990 essent
993 917 1143 990 immor·
1172 886 1314 932 ‘mmmm'

104 1029 268 1117 talitatiS,
292 1054 364 1126 qua
386 1030 450 1119 illi,
479 1031 607 1126 quiin
637 1054 721 1102 eum
756 1030 961 1119 crederent,
993 1029 1144 1103 fruituri

105 1155 212 1216 erant
236 1143 274 1216 iu
301 1143 461 1216 adventu
491 1146 569 1240 ejus
597 1144 769 1217 secundo.
824 1147 945 1239 Atque
972 1144 1020 1216 ob
1048 1144 1144 1216 hanc

106 1280 253 1330 causam
279 1271 348 1345 est,
375 1256 475 1352 quod
503 1269 647 1353 tempus
681 1256 952 1352 praedicationis
986 1258 1065 1352 ejus
1098 1257 1144 1329 ab

105 1370 184 1465 ipso
202 1382 355 1443 vocatur
371 1370 622 1468 regeneratio.
650 1370 905 1468 Regeneratio
922 1380 1044 1442 autem
1062 1393 1145 1465 reg-

105 1507 195 1555 num
220 1508 295 1556 non
313 1496 380 1570 est,
399 1508 517 1580 neque
535 1508 623 1581 ergo
641 1507 750 1556 causa
766 1483 852 1556 inde
869 1481 1003 1557 adduci
1021 1493 1145 1577 potest

105 1621 181 1692 qua
208 1597 328 1669 minus
362 1597 458 1669 cives
492 1597 531 1669 in
566 1620 784 1692 quacunque
820 1596 968 1668 civitate
1003 1596 1144 1691 legibus

105 1710 274 1783 civilibus
301 1709 449 1783 obedire
479 1721 703 1782 tenerentur.
759 1709 880 1781 Etiam
905 1709 942 1780 in
971 1708 1146 1781 cathedra

106 1823 222 1896 Mosis
256 1846 300 1895 eo
336 1835 500 1917 tempore
535 1823 745 1895 sedentibus
780 1823 1026 1896 obedientiam
1051 1846 1145 1917 prae-

104 1937 206 2025 stari,
242 1950 280 2008 et
315 1936 450 2009 Caesari
485 1936 662 2009 tributum
692 1936 784 2009 solvi
814 1937 934 2031 jussit.
986 1935 1145 2032 Populus

107 2060 198 2122 tunc
215 2050 281 2122 sub
301 2073 454 2145 regnum
473 2048 541 2121 Dei
565 2073 639 2121 non
663 2063 747 2121 actu
767 2060 899 2131 erant;
927 2049 1143 2121 arrabonem

106 2162 278 2235 introitus
303 2163 342 2234 iu
369 2186 522 2257 regnum
550 2161 619 2233 Dei
644 2161 811 2233 futurum
835 2161 1055 2249 habuerunt,
1083 2159 1146 2255 qni

104 2275 365 2358 crediderunt;
393 2289 431 2347 et
456 2288 652 2371 propterea
678 2286 795 2346 status
820 2274 881 2346 ille
907 2285 1060 2346 vocatur
1081 2273 1147 2345 ali-

104 2389 252 2484 quando
282 2413 440 2486 regnum
463 2387 615 2486 gretie,
646 2385 683 2459 id
709 2401 776 2476 cst,
802 2386 960 2460 civitatis
989 2386 1146 2459 coelestis

106 2525 180 2574 non
193 2503 387 2598 possessio,
403 2502 466 2575 sed
477 2503 548 2597 jus.

157 2615 347 2688 Hactenus
374 2615 425 2687 nil
450 2615 590 2688 factum
616 2625 679 2687 aut
706 2615 845 2688 dietum
871 2626 927 2689 est
948 2615 1145 2704 aChristo,

102 2728 205 2823 quod
222 2727 268 2801 ad
288 2728 568 2802 diminutionem
597 2728 715 2801 tendit
737 2729 831 2825 juris
858 2728 972 2802 civilis
997 2726 1146 2800 Judaeo-

104 2864 186 2912 rum
214 2853 277 2914 aut
296 2841 464 2913 Caesaris.
531 2841 627 2913 Nam
653 2841 751 2937 quod
768 2842 901 2915 attinet
919 2841 966 2914 ad
982 2842 1144 2929 Judaeos,

104 2952 293 3025 Christum
307 2977 432 3025 omnes
451 2954 703 3047 expectabant,
716 2965 753 3026 et
770 2955 1045 3028 renovationem
1062 2977 1144 3049 reg-

37 3066 42 3073 '
103 3066 143 3137 ni
172 3066 264 3138 Dei:
291 3066 329 3139 id
347 3065 446 3161 quod
471 3090 545 3138 non
572 3067 755 3156 fecissent,
775 3067 806 3140 si
822 3068 964 3164 legibus
982 3068 1067 3155 suis,
1085 3089 1144 3154 ne,

102 3203 189 3251 cum
214 3178 415 3267 advenerit,
435 3178 685 3252 manifestaret
714 3203 752 3252 se
774 3180 877 3253 illum
905 3203 993 3268 esse,
1021 3181 1145 3275 prohi-

103 3293 222 3364 bitum
256 3291 395 3363 fuisset.
465 3292 557 3364 Cum
592 3315 680 3387 ergo
706 3293 923 3382 nihilfecit,
950 3293 1019 3365 nisi
1046 3294 1146 3388 quod

104 3404 341 3501 praedicando
376 3417 413 3475 et
447 3405 634 3500 operando
670 3406 846 3479 miracula
887 3406 1069 3479 Maeciam
1104 3431 1143 3480 se

102 3542 182 3590 esse
207 3518 363 3615 probare
389 3529 541 3591 conatus
568 3519 627 3608 sit,
647 3519 737 3591 nihil
766 3520 854 3593 fecit
875 3532 1001 3593 eontra
1019 3520 1143 3594 Judae-

105 3655 210 3704 orum
229 3630 339 3725 leges
378 3631 547 3727 Regnum
566 3632 663 3726 quod
682 3634 880 3728 postulavit
898 3634 978 3724 sibi,
993 3646 1072 3707 erat
1089 3634 1144 3705 fu·

104 3756 229 3816 turum
247 3745 284 3815 in
303 3743 374 3815 alio
393 3743 554 3817 mundo:
583 3744 709 3818 docuit
729 3746 871 3819 interea
897 3745 1143 3820 obedientiam

102 3856 186 3946 illis,
214 3857 277 3952 qui
303 3857 516 3929 cathedram
542 3859 657 3932 Mosis
682 3860 938 3954 possederunt,
965 3872 1141 3956 praestan·

103 3970 187 4042 dam
215 3994 318 4043 esse:
346 3969 482 4042 Caesari
507 3971 687 4044 tributum
713 3973 926 4045 solvendum
952 3996 1029 4044 esse
1056 3997 1144 4045 cou-

101 4084 278 4155 firmavit:
307 4082 465 4155 officium
479 4084 614 4179 judicis
632 4085 670 4156 in
688 4108 727 4157 se
745 4109 820 4157 non
838 4087 1009 4182 suscepit.
1042 4086 1143 4160 Quo-

103 4196 214 4269 modo
241 4197 353 4291 igitur
377 4207 441 4268 aut
458 4197 569 4269 verba
587 4209 651 4270 aut
668 4199 831 4272 actiones
850 4201 927 4294 ejus
944 4209 1144 4296 potuerunt

103 4303 183 4382 esse
202 4309 395 4398 seditiosae,
410 4323 474 4383 aut
484 4310 636 4384 tendere
654 4312 702 4384 ad
720 4312 907 4409 regiminis
925 4313 1040 4386 civilis
1058 4315 1143 4386 sub-

204 4443 298 4494 vou.
315 4443 378 4493 111.
975 4447 1000 4497 Α
1016 4449 1042 4499 A
