2926 4980
362 372 578 425 anennmx
598 372 652 424 sn
672 372 929 426 inviscans.
1090 354 1162 421 563

124 563 279 634 corpus;
306 563 416 636 quam
444 540 686 613 substantiam
716 539 792 612 sive
819 562 885 611 ens
914 537 1013 611 reale
1039 536 1162 634 potnit
1205 567 1283 618 off,
1297 565 1350 617 111.

124 652 184 724 ille
198 653 267 725 sibi
283 654 433 748 lingere,
452 653 552 749 quod
569 654 774 727 substantia
789 652 977 726 videretur
1002 675 1080 724 esse
1105 650 1162 722 in·
1199 647 1348 770 ff

124 789 312 862 corporea,
330 779 467 862 praeter
488 767 588 840 idola
615 789 680 839 seu
697 767 954 894 phantasmata
971 763 1142 860 qualia
1110 788 1162 836 vi-
1199 779 1268 887 ἃ
1260 776 1356 884 ouesoth

125 878 290 951 demus
280 903 320 951 1n
345 879 737 975 speculis,'m1n,somno
754 880 793 951 in
821 878 994 967 tenebris,
1012 889 1051 951 et
1080 900 1163 974 quae
1199 912 1235 952 a.
1248 903 1376 951 nanum.

125 991 259 1065 Paulus
278 992 464 1087 apostolus
479 992 570 1065 dicit
586 1015 666 1064 esse
682 991 809 1064 nihil?

174 1104 225 1178 A.
250 1106 387 1194 Tertio,
405 1107 524 1202 capite
543 1116 646 1179 sexto
664 1129 790 1178 versus
806 1106 930 1193 finem,
953 1103 1116 1194 Timor,
1107 1127 1163 1176 in-

126 1219 217 1315 quit,
230 1219 490 1314 potentiorum
507 1218 760 1307 invisibilium,
783 1219 860 1290 aioe
880 1217 1063 1315 potentio
1088 1216 1165 1290 illa

113 1333 223 1424 ficto
233 1331 310 1404 aiat
324 1332 609 1421 alimentariae
622 1341 810 1426 conceptae
823 1329 1004 1428 aschalis
1016 1329 1166 1427 publice

120 1445 334 1540 permissio,
352 1445 492 1543 religio
516 1456 584 1519 eat.
636 1446 672 1516 A
692 1469 764 1518 aon
776 1444 931 1541 publice
950 1443 1164 1541 permissis,

125 1559 348 1655 superstitio
366 1569 435 1631 eet.
465 1559 623 1645 Quaado
640 1582 727 1632 oero
738 1557 923 1655 potentio
941 1582 1023 1654 qua
1040 1556 1166 1629 timea-

126 1680 200 1760 tur,
215 1696 312 1744 oeroe
325 1681 423 1761 aunt,
441 1697 532 1745 vero
549 1670 701 1769 religio.

175 1785 223 1858 B.
251 1786 354 1858 Idem
370 1787 441 1859 hoc
459 1787 595 1860 dieitur
612 1785 658 1858 ab
670 1785 891 1857 Ecclesiaste
905 1782 1163 1874 (Ecclesiastici

125 1899 148 1970 i.
173 1902 250 1993 l6):
283 1899 409 1971 Timor
425 1899 577 1972 Domini
599 1906 657 1970 ost
675 1897 821 1969 initiam
837 1896 1038 1994 sapientior
1049 1925 1064 1980 ;
1091 1906 1168 1970 eta

126 2012 319 2085 Psalmista
334 2012 440 2101 (Psal.
454 2012 531 2084 xiii.
551 2016 585 2104 l)
603 2039 612 2082 ι
632 2008 778 2082 Stultos
789 2009 827 2081 in
844 2009 958 2082 corde
971 2033 1038 2081 auo
1053 2010 1165 2099 dicit,

126 2149 198 2198 noa
215 2134 272 2197 est
289 2124 407 2197 Deua.

175 2236 225 2309 A.
253 2237 408 2324 Quarto,
427 2237 547 2332 capite
562 2236 703 2309 decimo
722 2247 837 2323 sexto,
855 2234 987 2306 Etiam
1000 2235 1078 2307 Dei
1087 2235 1168 2307 ocri

119 2373 326 2447 personam
352 2349 525 2448 gerebat,
550 2351 690 2448 primo,
722 2350 864 2434 Moses,
899 2373 979 2421 cum
1013 2359 1167 2447 regeret

120 2461 302 2559 populum
316 2487 386 2534 non
404 2487 518 2550 auom,
533 2463 604 2536 aed
617 2462 706 2552 Dei,
721 2462 877 2535 dicendo
895 2463 964 2535 hoe
982 2462 1076 2535 dicit
1087 2463 1166 2534 Do-

128 2575 272 2658 minum
297 2575 471 2664 secando,
489 2575 625 2665 Filius,
649 2576 715 2674 qui
742 2577 840 2648 venit
859 2575 898 2647 in
915 2575 1085 2648 mondum
1112 2576 1167 2649 od

127 2688 360 2761 reducendos
377 2687 545 2777 «Indenea,
565 2699 602 2762 et
620 2688 847 2762 inducendos
863 2712 985 2760 omnes
996 2688 1165 2786 populos

127 2802 166 2874 in
192 2826 349 2900 regnam
373 2802 547 2876 coeleste:
575 2802 700 2891 tertio,
720 2801 890 2900 Spiritus
908 2800 1082 2891 Saucius,
1100 2801 1165 2898 qai

127 2913 259 2986 missus
276 2924 334 2986 eat
351 2915 405 2988 od
419 2914 728 3011 sanctificandum
743 2913 820 2986 Dei
829 2912 1022 3011 populum.

177 3027 225 3101 B.
252 3028 408 3101 Videtur
425 3027 559 3100 author
575 3026 734 3100 voluisse
750 3026 823 3099 hoc
848 3026 929 3098 loeo
960 3025 1164 3099 doctrinam

127 3140 309 3237 explicare
341 3140 545 3229 Trinitatis,
587 3163 797 3237 quanquam
835 3139 1055 3212 Trinitatem
1089 3162 1163 3212 non

127 3254 303 3328 nominat.
356 3253 420 3326 Pia
435 3253 617 3342 voluntas,
636 3253 702 3325 sed
719 3275 873 3326 erronea
890 3264 944 3324 est
958 3252 1163 3349 explicatio

128 3369 225 3443 Nam
259 3368 414 3455 Mosem,
446 3367 619 3462 quoniam
655 3367 685 3439 is
719 3390 863 3461 quoque
898 3365 1020 3461 aliquo
1054 3366 1164 3438 modo

127 3482 240 3576 gessit
250 3504 443 3576 personam
463 3480 544 3570 Dei,
561 3494 604 3553 ut
620 3480 762 3553 faciunt
774 3504 901 3552 omnes
917 3503 1023 3573 reges
1041 3479 1164 3552 Chris-

126 3595 230 3680 tiani,
249 3618 360 3667 unam
387 3593 532 3666 videtur
557 3594 678 3667 facere
695 3617 888 3690 personam
916 3593 953 3665 in
969 3592 1163 3665 Trinitate.

128 3706 245 3779 Valde
263 3707 333 3780 hoc
355 3706 596 3804 negligenter.
650 3707 689 3780 Si
715 3706 865 3779 dixisset
883 3706 1012 3795 Deum,
1028 3705 1065 3778 in
1082 3729 1165 3802 per·

127 3843 218 3892 sona
242 3820 402 3916 propria,
429 3844 572 3894 creasse
592 3820 793 3905 mundum;
820 3819 858 3892 in
884 3843 1041 3913 persona
1071 3819 1163 3907 Filii,

126 3932 323 4006 redemisse
353 3958 470 4029 genus
501 3935 726 4018 humanum;
757 3935 795 4006 in
824 3957 981 4028 persona
1006 3932 1164 4028 Spiritus

128 4046 266 4135 Sancti,
284 4047 530 4119 sanctificasse
547 4048 759 4130 ecclesiam;
776 4046 867 4118 nihil
884 4045 984 4118 aliud
1001 4045 1164 4135 dixisset,

126 4160 196 4233 uisi
214 4159 312 4256 quod
329 4171 385 4232 est
402 4159 441 4232 in
463 4159 686 4233 catechismo
703 4161 749 4232 ab
767 4158 921 4231 ecclesia
938 4157 1047 4230 edito,

177 4275 225 4345 A.
254 4273 328 4346 Sed
341 4273 436 4346 idem
452 4273 585 4367 'repetit
602 4273 640 4347 in
659 4271 821 4368 pluribus
838 4271 939 4344 locis.
