2926 4980
357 343 424 408 144
738 361 791 413 un
810 361 1018 414 crvrrarn.

159 549 328 605 cnaxrx.
355 526 401 597 ab
430 525 509 621 ipso
536 550 689 601 numero
717 528 918 601 hominum.
981 529 1078 602 Nam
1101 528 1229 626 paucis
1255 552 1397 617 eorum,

142 633 312 752 ΒΜ
356 638 419 733 qui
438 638 626 714 decretum
644 641 820 731 fecerant,
839 643 1064 732 absentibus,
1086 643 1186 740 quod
1200 643 1397 716 decretum

141 760 305 836 civitmffmner
356 763 413 824 est
428 752 539 825 hodie
556 777 637 827 cras
654 755 886 828 rescinditur.

140 830 305 937 {iiim
406 865 564 957 Quarto,
582 868 782 941 monarcha
798 893 821 941 a
838 869 956 965 seipso
983 869 1120 943 invidia
1149 881 1215 942 aut
1242 871 1397 942 avaritia

141 953 202 997 sione
216 955 314 1000 adsum
382 978 390 992 ·
497 979 505 994 ·
675 982 682 996 ·
1095 983 1103 996 ·
1209 983 1218 997 .
1359 985 1366 998 .

140 1026 342 1077 mammam.
355 977 549 1052 dissentire
575 994 714 1076 nequit.
767 981 893 1054 Coetus
919 993 1042 1054 autem
1068 982 1330 1057 dissensionem
1356 1008 1396 1056 m

354 1092 473 1187 seipso
490 1094 626 1168 habere
651 1107 786 1191 potest,
811 1119 965 1191 eamque
982 1108 1136 1185 tantam,
1154 1109 1198 1170 ut
1213 1097 1395 1194 producat

352 1205 491 1278 bellum
508 1207 627 1280 civile.

404 1319 557 1406 Quinto,
575 1321 614 1392 in
631 1321 844 1394 monarchia
869 1321 1142 1395 incommodum
1161 1321 1307 1417 quidem
1326 1335 1393 1411 est,

352 1441 393 1503 ut
410 1432 526 1526 possit
552 1434 750 1507 monarcha
775 1433 822 1506 ad
849 1433 1042 1507 ditandum
1059 1436 1217 1508 amicum
1234 1435 1394 1529 aliquem

351 1542 509 1617 fortunis
535 1547 705 1619 omnibus
722 1547 860 1618 bonum
889 1546 1018 1638 civem,
1042 1548 1141 1643 quod
1158 1558 1280 1620 tamen
1299 1573 1394 1621 nun-

352 1681 461 1752 quam
479 1658 619 1731 factum
636 1661 803 1756 legimus,
822 1660 989 1755 spoliare.
1044 1661 1117 1734 Sed
1136 1661 1235 1734 idem
1251 1663 1394 1734 contin·

351 1772 407 1866 git
435 1797 510 1844 non
540 1796 637 1861 raro,
668 1775 731 1846 ubi
763 1798 905 1846 summa
932 1786 1094 1870 potestas
1123 1775 1162 1846 in
1191 1785 1292 1847 coetu
1322 1787 1392 1847 est.

350 1885 488 1957 Eadem
507 1886 605 1958 enim
623 1899 679 1959 est
695 1888 891 1981 utrobique
907 1887 1085 1982 potentia,
1102 1888 1251 1983 utrique
1268 1910 1392 1960 errare

350 2011 531 2093 possunt;
557 2023 625 2073 nec
651 2001 771 2073 minus
795 2000 904 2073 facile
931 2000 1051 2096 decipi
1075 2013 1197 2096 potest
1224 2012 1340 2073 coetus
1367 2025 1391 2073 a

350 2112 561 2186 rhetoribus
579 2126 617 2185 et
635 2114 841 2186 oratoribus
858 2113 1001 2186 blandis
1019 2137 1129 2209 quam
1153 2113 1350 2186 monarcha
1365 2137 1389 2185 a

349 2225 536 2298 blanditiis
564 2226 780 2315 aulicorum,
811 2226 875 2298 sed
902 2226 1072 2311 facilius;
1109 2251 1194 2299 nam
1226 2227 1265 2298 in
1290 2237 1387 2298 eoetu

349 2339 443 2411 alter
469 2338 617 2412 alterius
642 2340 803 2411 avaritiae
827 2352 865 2411 et
889 2337 1080 2411 ambitioni
1096 2338 1257 2411 vicissim
1274 2338 1388 2410 inser·

348 2452 413 2524 vit.
455 2453 551 2526 Sunt
564 2466 686 2526 autem
699 2453 920 2541 monarcha,
935 2465 976 2525 ut
990 2453 1096 2524 unius
1112 2452 1283 2540 hominis,
1302 2475 1389 2547 cog-

350 2564 427 2636 nati
442 2576 479 2636 et
490 2566 599 2637 amici
609 2589 701 2660 quos
716 2565 833 2638 ditare
845 2565 943 2650 velit,
961 2566 1081 2660 pauci.
1110 2565 1184 2638 Qui
1199 2589 1287 2637 vero
1305 2589 1388 2660 gra·

349 2678 401 2750 tia
415 2679 514 2773 apud
531 2692 668 2752 coetum
678 2679 812 2767 valent,
823 2692 975 2775 propter
987 2678 1295 2752 necessitudinem
1312 2680 1389 2751 fac·

348 2791 458 2863 tionis
476 2792 623 2887 cognati
640 2804 678 2864 et
694 2792 802 2864 amici
816 2792 921 2864 multi
939 2806 1034 2865 sunt.
1100 2792 1147 2878 Is,
1166 2792 1226 2863 eui
1244 2817 1391 2864 monar-

348 2905 418 2977 cha
434 2905 545 2993 favet,
563 2905 689 2977 amicis
708 2928 811 3000 aeque
824 2905 1011 3000 prodesse,
1029 2918 1066 2977 et
1083 2905 1240 2977 inimicis
1258 2906 1387 2978 obesse

346 3029 494 3113 potest;
522 3030 561 3090 at
579 3031 757 3106 oratoreS,
777 3017 815 3088 id
833 3030 900 3106 est,
919 3018 1051 3113 quibus
1068 3018 1168 3090 favet
1180 3033 1310 3106 coetus,
1320 3043 1387 3114 po-

346 3130 489 3204 testatis
509 3131 664 3204 nocendi
681 3131 874 3226 plusquam
889 3130 990 3219 satie,
1005 3130 1159 3226 juvandi
1172 3155 1304 3226 parum
1321 3131 1386 3204 ha-

346 3245 446 3317 bent.
511 3243 708 3316 Accusatio
736 3243 845 3332 enim,
873 3257 915 3314 ut
942 3255 996 3315 est
1022 3255 1155 3315 natura
1183 3244 1384 3335 hominum,

347 3357 488 3430 minore
519 3356 728 3452 eloquentia
756 3355 898 3450 indiget
928 3380 1039 3451 quam
1067 3354 1242 3442 defensio,
1274 3359 1387 3451 majo-

346 3494 496 3566 remque
513 3470 624 3542 habet
641 3494 724 3542 cum
747 3469 892 3565 justitia
908 3468 1184 3542 similitudinem
1211 3468 1385 3541 condem-

346 3584 448 3657 natio
466 3606 577 3678 quam
594 3582 789 3655 absolutio.

396 3698 439 3769 ln
469 3696 682 3768 monarchia
709 3695 982 3768 incommodum
1015 3706 1082 3781 est,
1113 3694 1214 3789 quod
1243 3718 1386 3767 summa

344 3822 506 3905 potestas
524 3809 745 3882 descendere
762 3807 810 3881 ad
831 3809 1010 3881 infantem
1033 3821 1167 3903 potest,
1186 3808 1244 3880 vel
1267 3808 1315 3881 ad
1332 3810 1386 3881 vi-

343 3947 425 3995 rum
444 3923 506 4018 qui
523 3922 619 3995 inter
636 3923 774 3994 bonum
792 3935 829 3994 et
846 3922 982 3993 malum
1000 3921 1207 3993 discernere
1220 3921 1384 4006 nesciat;

344 4037 441 4109 unde
458 4037 650 4132 potestatis
668 4060 754 4107 usus
777 4036 815 4107 in
836 4035 907 4106 alio
926 4035 1007 4120 erit,
1025 4047 1116 4130 puta
1132 4050 1301 4108 curatore
1319 4049 1385 4108 aut

343 4161 562 4244 protectore.
600 4148 673 4222 Sed
685 4148 960 4221 incommodum
972 4149 1010 4219 in
1028 4172 1071 4220 eo
1086 4148 1266 4236 consistit,
1284 4148 1384 4243 quod

341 4275 492 4358 propter
506 4274 648 4335 tantam
659 4261 878 4356 dignitatem
888 4274 926 4333 et
940 4261 1097 4333 officium
1112 4276 1186 4333 tam
1198 4261 1383 4335 lucrosum
