2926 4980
368 398 422 450 nn
441 397 633 451 crvrrarn
655 398 921 452 cnarsrmurt.
1087 380 1159 459 337

127 565 237 638 etiam
254 563 416 639 ecclesia
432 566 505 655 illa,
520 591 600 663 quae
618 566 773 640 hahetur
785 567 824 639 in
840 566 903 640 illa
915 566 1062 640 civitate
1076 590 1157 663 quae
1205 601 1327 651 xxm,

127 680 386 752 conventiones
403 681 493 753 tales
510 681 590 777 lege
603 681 731 770 vetuit,
742 680 931 776 illegitima
944 688 1010 753 est.
1171 680 1344 796 „effi

176 791 414 865 Manifestum
430 793 540 869 etiam
563 793 648 865 hinc
672 803 738 881 est,
756 793 893 865 nnllam
909 794 947 866 in
965 804 1063 865 terra
1080 814 1159 865 esse
1170 805 1228 912 {⁰:¹5⁹
1238 803 1351 912 lgfflss*

126 902 322 977 eccleciam
360 905 603 979 universalem
642 930 751 1003 quam
790 906 916 979 audire
950 905 1159 1002 obligantur
1170 935 1200 977 a.
1208 882 1350 1009 &aazia

127 1015 326 1091 Christiani
342 1019 500 1093 universi
516 1051 525 1103 ;
561 1043 645 1092 eam
668 1019 768 1091 nulla
789 1020 837 1092 sit
859 1018 897 1091 in
915 1031 1013 1092 terra
1030 1019 1158 1092 civitas
1169 998 1247 1042 ΜΨ
1256 997 1354 1042 *¹⁹¹²

125 1128 280 1202 aliarum
297 1132 484 1204 civitatum
502 1133 666 1205 omnium
679 1131 837 1204 domine,
889 1132 932 1204 In
950 1132 1158 1205 civitatibus

125 1242 279 1338 singulis
309 1244 505 1319 Christiani
534 1245 676 1340 legibus
710 1244 868 1318 civitatis
903 1269 977 1318 suae
1011 1245 1158 1319 obedire

125 1355 355 1452 obligantur:
383 1369 421 1430 et
453 1381 520 1453 per
555 1381 793 1453 consequens,
827 1357 968 1454 legibus
1001 1358 1157 1433 civitatis

124 1467 207 1542 aliae
223 1470 339 1542 teneri
352 1494 426 1543 non
444 1470 590 1544 debent.
645 1470 820 1544 Ecclesia
839 1494 938 1567 ergo,
957 1472 1017 1544 cui
1037 1485 1158 1568 potes-

125 1592 182 1654 tas
197 1592 256 1654 est
268 1581 468 1678 judicandi,
485 1582 709 1672 absolvendi,
724 1583 1003 1675 condemnandi,
1016 1598 1081 1659 aut
1097 1611 1157 1659 ae-

123 1694 263 1767 tionem
293 1719 546 1792 quameunque
580 1696 724 1792 egendi,
744 1696 870 1769 eadem
900 1722 959 1772 res
987 1710 1044 1771 est
1074 1723 1157 1771 eum

123 1806 297 1880 civitate:
324 1820 361 1881 et
378 1809 505 1882 civitas
517 1809 600 1882 ideo
614 1809 761 1906 quidem
775 1822 841 1899 est,
856 1812 943 1907 quia
961 1812 1060 1885 cives
1072 1822 1157 1884 sunt

124 1919 306 1994 leminea:
324 1921 621 2011 eeclesiaautem,
637 1922 723 2018 quia
735 1922 830 1995 cives
848 1935 935 1996 sunt
947 1923 1155 1997 Christiani.

124 2034 249 2109 Quare
265 2034 427 2132 regimen
446 2035 662 2135 temporale,
679 2048 718 2108 et
734 2034 949 2134 spirituale,
967 2037 1078 2109 verba
1100 2036 1157 2108 in-

123 2147 209 2221 ania
221 2161 317 2237 sunt,
334 2148 544 2221 introducta
561 2174 603 2221 eo
618 2150 690 2220 fine
707 2160 750 2221 ut
767 2161 917 2245 propter
935 2148 1026 2222 duos
1039 2160 1156 2221 status

123 2272 342 2356 apparentes
359 2261 478 2334 minus
492 2272 755 2357 cognoscerent
766 2261 931 2334 homines
945 2261 1018 2334 utri
1030 2286 1156 2335 earum

123 2372 366 2446 obedientiam
383 2385 610 2469 prestarent.
662 2375 706 2446 In
724 2374 816 2447 coelo
834 2374 981 2470 quidem
1001 2397 1156 2471 corpora

121 2484 312 2558 hominum
330 2498 412 2582 post
428 2488 731 2560 resurrectionem
749 2500 887 2562 aeterna
903 2500 942 2561 et
954 2487 1155 2584 spiritualia

121 2608 252 2671 erunt:
279 2599 398 2673 sedin
414 2600 490 2672 vite
505 2613 697 2696 praesente,
715 2601 879 2674 homines
906 2614 944 2674 et
966 2600 1094 2675 caduci
1117 2613 1155 2674 et

120 2713 235 2785 crassi
251 2725 349 2801 sunt,
367 2737 484 2808 neque
498 2715 686 2810 patiuntur
696 2725 832 2788 statum
849 2738 966 2811 neque
983 2714 1153 2810 religion-

122 2847 182 2895 em
198 2825 321 2914 ullam,
349 2838 483 2922 praeter
500 2851 579 2899 eam
597 2850 707 2923 quam
724 2827 852 2900 statuit
872 2838 1032 2923 potestas
1061 2841 1152 2900 tem-

121 2938 278 3031 poralis:
306 2962 424 3034 neque
442 2939 610 3012 doctrina
631 2939 705 3012 ulla
721 2963 743 3012 a
760 2939 838 3012 cive
852 2939 975 3012 doceri
988 2941 1071 3037 jure
1088 2965 1153 3037 po-

121 3061 327 3144 tastonam
343 3051 470 3124 civitas
483 3052 693 3148 temporalis
707 3051 829 3125 doceri
841 3054 1021 3148 prohibet.
1049 3054 1153 3127 Unus

123 3161 279 3258 denique
293 3175 425 3253 rector,
441 3177 518 3237 tum
535 3165 732 3261 spiritualis
744 3177 823 3236 tum
840 3165 1063 3262 temporalis
1075 3190 1153 3240 esse

123 3274 244 3364 dehet,
259 3287 323 3348 aut
335 3289 490 3371 utraque
504 3277 610 3349 simul
622 3288 784 3373 potestas
797 3276 970 3365 interibit,
982 3279 1153 3352 nimirum

121 3411 188 3485 per
204 3389 456 3462 contentiones
473 3391 568 3463 inter
584 3390 779 3464 ecclesiam
797 3401 834 3462 et
847 3390 1044 3479 civitatem,
1056 3391 1154 3465 inter

120 3501 401 3599 spiritualielaa
418 3514 456 3574 et
473 3503 766 3600 temporalistaa,
784 3502 881 3575 inter
890 3502 1061 3599 gladium
1069 3505 1154 3597 jaa-

122 3613 219 3686 titioe
237 3626 274 3685 et
292 3616 556 3708 acatamfidei:
583 3627 631 3705 et,
650 3614 749 3710 quod
767 3618 883 3711 majus
901 3628 967 3704 est,
979 3615 1017 3687 in
1031 3616 1154 3688 unius·

121 3727 298 3822 cujusque
325 3725 524 3799 Christiani
549 3738 696 3822 pectore
723 3727 820 3799 inter
843 3726 1095 3799 Christianam
1117 3737 1153 3800 et

122 3838 309 3910 homiaem.
362 3839 539 3913 Doctores
560 3839 704 3936 quidem
724 3839 884 3914 ecclesiae
906 3853 1072 3936 pastores
1089 3864 1152 3912 vo-

122 3962 264 4034 cantur,
276 3951 341 4024 sed
353 3952 404 4025 ita
418 3952 528 4025 etiam
542 3966 719 4027 vocantur
732 3976 850 4049 reges:
869 3954 932 4026 sed
945 3954 1015 4025 nisi
1027 3966 1153 4049 pastor

120 4087 215 4136 unus
242 4064 302 4137 alii
328 4065 583 4138 subordinatus
609 4066 666 4155 sit,
692 4067 746 4139 ita
771 4078 812 4138 nt
836 4090 930 4139 unus
956 4066 1003 4138 sit
1029 4076 1153 4161 pastor

120 4199 295 4265 summae,
314 4176 491 4252 doctrinae
515 4178 743 4252 docebuntur
759 4180 856 4252 inter
872 4203 910 4251 se
937 4179 1151 4261 contrariae;

121 4312 278 4383 quarum
305 4300 458 4386 utraque
480 4314 557 4364 esne
574 4302 707 4387 potest,
736 4291 800 4364 sed
817 4291 931 4364 altera
947 4291 1151 4365 necessario

223 4423 316 4475 von.
332 4425 395 4476 111.
1029 4428 1052 4477 z
