2926 4980
304 336 377 402 242
690 351 744 403 nn
764 349 971 404 crvrrnnn.

102 545 179 597 cap,
196 547 283 599 xxx,
307 513 419 605 docti,
437 539 547 611 quam
561 527 647 589 sunt
667 518 812 613 plebeii.
864 517 1022 590 Constat
1043 516 1141 589 enim
1164 515 1345 592 doctrinae

108 628 288 732 „mm
306 629 422 702 civilis
448 629 698 704 difficultatem
723 656 798 704 non
827 640 903 704 tam
926 630 1014 704 oriri
1036 631 1081 703 ab
1108 631 1344 721 obscuritate,

106 751 278 810 alimum&
306 765 416 837 quam
443 743 489 814 ab
517 766 655 833 eorum,
682 744 746 840 qui
772 742 928 817 docendi
954 754 1051 832 sunt,
1070 743 1343 840 cupiditatibus.

304 854 477 928 Potentes
511 856 608 928 enim
634 857 838 951 potentiam
867 856 987 941 aliam,
1016 881 1098 951 quae
1125 856 1344 952 cupiditates

302 990 385 1041 suas
412 968 608 1042 refraenare
632 968 768 1065 possit:
795 982 833 1043 et
859 968 958 1041 docti
989 968 1186 1056 doctrinas
1211 970 1343 1066 quibus

302 1104 444 1154 errores
461 1083 517 1155 sui
532 1093 685 1179 possunt
703 1083 837 1179 detegi,
855 1105 930 1155 non
953 1082 1060 1155 facile
1074 1083 1277 1177 patiuntur,
1295 1106 1342 1156 ne

301 1194 506 1268 authoritas
541 1219 668 1269 eorum
695 1195 793 1292 apud
822 1194 999 1292 populum
1022 1195 1109 1267 inde
1143 1197 1341 1268 minuatur.

302 1307 506 1380 Hominum
531 1319 654 1381 autem
670 1333 716 1381 ex
732 1308 839 1404 plebe
857 1308 981 1397 animi,
999 1306 1071 1380 nisi
1087 1332 1111 1381 a
1125 1309 1342 1404 potentiori-

301 1421 369 1493 bus
386 1419 682 1515 distorqueantur
702 1433 766 1494 aut
791 1422 983 1495 doctorum
1001 1421 1234 1517 opinionibus
1252 1422 1342 1495 scri-

299 1532 417 1606 billati
448 1534 532 1624 sint,
559 1534 675 1607 instar
704 1533 841 1607 ehartae
865 1557 967 1629 purae
992 1533 1267 1629 impressionem
1293 1536 1340 1608 ab

300 1646 522 1720 authoritate
535 1647 682 1742 publica
699 1646 897 1741 quamlibet
913 1647 1111 1742 accipiunt.
1163 1647 1341 1722 Nationes

300 1759 467 1856 integrae,
484 1761 581 1832 utin
599 1760 786 1855 religionis
812 1761 994 1857 mysteriis
1020 1760 1188 1833 maximis
1211 1772 1249 1832 et
1271 1760 1341 1833 dif-

299 1873 469 1946 ficillimis
486 1884 524 1946 et
541 1897 653 1968 supra
664 1872 846 1945 rationem
862 1872 991 1968 positis
1009 1871 1256 1968 acquiescant,
1274 1872 1341 1946 do-

300 1987 504 2070 cebuntur;
529 1985 765 2081 praedicando
792 1997 915 2058 autem
940 1995 979 2057 et
1001 1985 1167 2059 docendo
1185 2010 1238 2074 ea,
1258 2009 1341 2082 quae

299 2122 383 2171 cum
401 2100 543 2172 ratione
557 2099 716 2172 naturali
734 2099 915 2195 exquisite
933 2110 1153 2196 congruunt,
1172 2098 1340 2172 doctores

299 2236 374 2286 non
405 2237 443 2286 se
467 2213 606 2286 facient
631 2212 808 2309 intelligi!
860 2213 1014 2286 Constat
1031 2236 1119 2307 ergo
1138 2212 1176 2284 in
1198 2213 1342 2308 juribus

298 2350 448 2400 summae
464 2327 668 2423 potestatis,
680 2351 761 2422 quae
779 2340 865 2399 sunt
877 2327 978 2423 leges
991 2325 1189 2414 naturales,
1202 2326 1338 2399 intelli-

296 2441 426 2535 gendis
438 2441 575 2513 nullam
593 2463 671 2513 esse
689 2440 941 2513 difficultatem
961 2438 1065 2534 (dum
1082 2437 1145 2524 illi,
1160 2439 1222 2534 qui
1240 2464 1338 2512 sum-

297 2577 396 2627 mam
425 2555 537 2627 habet
564 2565 796 2650 potestatem,
822 2565 947 2626 manet
974 2552 1142 2648 potentia
1174 2551 1335 2649 integra)

299 2691 407 2762 quam
437 2690 518 2762 quae
535 2668 593 2739 vel
621 2667 667 2740 ab
693 2667 817 2762 ipsius,
835 2667 893 2738 vel
916 2666 961 2739 ab
988 2665 1161 2761 ipsorum,
1181 2690 1338 2760 quorum

252 2850 258 2861 ,
298 2803 410 2875 opera
425 2780 464 2851 in
481 2778 796 2852 administratione
819 2778 975 2850 civitatis
993 2778 1120 2864 utitur,
1139 2778 1246 2872 culpa
1264 2779 1338 2851 ori-

298 2903 369 2964 tur.
407 2891 508 2964 lllius
523 2916 610 2988 ergo
625 2902 681 2964 est
691 2891 814 2965 videre
827 2902 871 2963 ut
885 2891 982 2963 cives
997 2900 1096 2962 reete
1112 2890 1334 2964 doceantur:

296 3030 364 3078 nec
376 3005 535 3077 officium
549 3015 705 3093 tantum,
720 3004 908 3077 sedetiam
922 3003 1220 3092 beneficiumest,
1236 3003 1336 3099 quod

295 3119 454 3191 maxime
472 3119 634 3190 omnium
652 3117 768 3190 adsui
785 3117 898 3214 ipsius
916 3128 954 3189 et
971 3116 1104 3189 civium
1122 3138 1271 3189 suorum
1284 3117 1336 3189 vi·

295 3241 371 3304 tam
390 3230 587 3325 saepissime
604 3230 776 3326 pertinet.

347 3345 400 3417 Ut
425 3343 570 3416 veniam
588 3343 666 3438 jam
695 3342 742 3415 ad
769 3339 956 3415 doctrinas
980 3338 1218 3433 particulares
1245 3364 1335 3436 quas

295 3456 450 3553 populus
476 3453 664 3528 docendus
682 3465 749 3541 est,
766 3454 886 3550 prima
913 3451 994 3540 erit,
1012 3475 1059 3524 ne
1081 3452 1217 3524 formas
1238 3454 1335 3549 regi-

294 3570 415 3656 miniS,
443 3592 532 3664 quas
561 3568 600 3639 iu
626 3567 797 3663 gentibus
813 3563 942 3637 vicinis
972 3564 1213 3661 conspiciunt,
1234 3564 1333 3660 plus-

297 3707 406 3779 quam
423 3682 578 3754 formam
596 3679 755 3752 civitatis
765 3678 922 3774 propriae
936 3676 1108 3749 adament
1118 3687 1182 3749 aut
1198 3677 1333 3752 imitari

297 3796 459 3891 cupiant,
478 3804 821 3890 quamtamcumque
837 3791 1004 3887 gentium
1020 3790 1165 3864 illarum
1181 3814 1333 3887 prospe-

295 3909 442 3981 ritatem
471 3907 630 3981 videant.
691 3905 777 3978 Non
807 3906 904 3977 enim
934 3905 979 3977 ab
1007 3904 1248 3993 aristocratia,
1274 3905 1332 3977 vel

295 4021 530 4110 democratia,
557 4032 622 4093 aut
647 4019 870 4106 monarchia,
895 4017 959 4091 sed
986 4018 1032 4091 ab
1058 4017 1266 4091 obedientia
1295 4027 1332 4090 et

294 4134 492 4207 concordia
502 4133 636 4208 civium
649 4133 687 4204 in
699 4155 915 4228 quacunque
929 4131 1077 4204 civitate
1089 4152 1148 4203 res
1162 4128 1331 4203 secundae

293 4247 471 4320 oriuntur.
525 4248 567 4320 ln
587 4246 685 4319 omni
702 4244 861 4319 civitatis
886 4266 1020 4339 genere
1044 4242 1188 4316 sublata
1207 4241 1331 4316 obedi-

60 4490 289 4718 ἢ
