2926 4980
346 361 414 427 146
720 375 774 426 nn
795 373 1003 426 crvrrnrn.

146 575 311 627 ciam,
342 553 399 614 est
421 551 584 638 potestas
602 563 755 630 summa,
775 565 885 637 quam
910 541 1121 617 monarchis
1144 539 1386 615 infantibusa

130 657 302 775 „aff
342 655 572 727 curatoribus
589 654 675 728 suis.

130 784 294 842 civiawmrer
395 768 616 862 Quanquam
627 767 818 841 civitatum
831 792 979 868 genera,
992 778 1034 842 ut
1047 767 1135 855 dixi,
1147 768 1221 841 tria
1236 780 1384 842 tantum

129 847 297 957 wll&
345 880 429 969 sint,
447 881 672 970 monarchia,
691 881 928 972 democratia,
957 893 994 954 et
1017 881 1271 966 aristocratia;
1299 905 1388 955 eon-

129 977 333 1100 fflfflm
346 993 592 1067 siderantibus
616 1005 740 1068 tamen
770 996 937 1069 civitates
963 995 1165 1092 singulares
1188 1020 1271 1092 quae
1287 1020 1388 1069 nune

344 1118 443 1195 sunt,
461 1118 499 1180 et
516 1132 599 1203 quae
615 1131 683 1204 per
700 1120 881 1182 terrarum
899 1109 1028 1182 orbem
1046 1109 1134 1182 olim
1148 1108 1263 1199 fuera,
1280 1110 1390 1206 plura

343 1221 500 1295 fortasse
512 1221 747 1295 videbuntur.
798 1222 967 1320 Exempli
984 1246 1105 1312 causa,
1116 1247 1273 1319 regnum
1287 1223 1388 1320 quod

343 1344 497 1408 vocatur
506 1335 784 1426 electivum,ubi
794 1360 973 1411 summam
983 1346 1389 1433 potestatemproeerto

344 1448 468 1544 aliquo
483 1459 650 1545 tempore
663 1449 775 1523 habet
788 1473 875 1535 rex;
892 1450 964 1538 vel,
978 1449 1041 1546 qui
1053 1460 1277 1546 potestatem
1290 1474 1390 1523 sum-

345 1587 443 1635 mam
461 1561 733 1636 haereditariam
752 1562 902 1658 quidem
927 1563 1051 1649 habet,
1068 1588 1091 1636 a
1107 1565 1248 1638 civibus
1265 1575 1390 1637 autem

344 1676 561 1760 limitatam
588 1699 670 1771 quae
699 1675 827 1750 formae
856 1676 1045 1772 regiminis
1062 1702 1085 1750 a
1100 1678 1284 1774 plerisque
1309 1701 1391 1751 mo-

345 1790 508 1863 narchiae
525 1789 781 1886 appellantur:
810 1789 911 1878 item,
926 1789 1055 1863 civitas
1072 1789 1319 1864 democratice
1331 1791 1391 1863 vel

347 1901 598 1976 aristocratiae
628 1903 844 2000 gubernata,
876 1903 908 1974 si
938 1901 1125 1976 civitatem
1152 1904 1261 1977 aliam
1291 1902 1389 1976 bello

346 2017 483 2089 rictam
496 2015 567 2088 sibi
579 2014 729 2089 obedire
740 2027 862 2112 cogat,
875 2027 914 2088 et
924 2038 993 2113 per
1002 2017 1220 2113 praefeotum
1230 2017 1389 2089 aliumve

346 2129 556 2202 ministrum
573 2141 690 2224 regat,
704 2128 820 2202 videri
830 2127 926 2201 forte
939 2139 1075 2225 potest,
1089 2142 1240 2227 propter
1253 2142 1391 2203 coetum

346 2241 720 2339 regentem,ragimen
732 2240 1019 2314 democraticum
1029 2242 1089 2315 vel
1098 2242 1391 2315 aristocraticum

348 2381 438 2431 esse.
492 2355 564 2428 Sed
581 2379 656 2429 nou
674 2366 730 2429 est
747 2355 810 2429 ita.
862 2354 993 2451 Neque
1014 2354 1111 2428 enim
1124 2379 1231 2452 reges
1247 2365 1392 2452 tempo-

348 2470 449 2560 rarii,
473 2493 594 2565 neque
621 2492 739 2566 regen,
767 2468 899 2564 quibus
924 2479 1088 2566 potestas
1115 2469 1392 2566 circumscripta

348 2594 416 2674 est,
436 2584 569 2656 summi
585 2595 683 2673 sunt,
702 2581 767 2655 sed
795 2605 1021 2655 summorum
1038 2583 1208 2656 ministri.
1261 2584 1391 2679 Neque

347 2697 547 2794 provincia,
560 2719 642 2791 qnae
653 2695 888 2769 democratia
898 2706 963 2769 aut
974 2695 1211 2792 optimatibus
1226 2697 1393 2793 subjecta

349 2822 417 2899 est,
435 2810 577 2906 regitur
599 2808 787 2882 acivitate
815 2808 1028 2882 dominante
1057 2808 1302 2882 democratiee
1327 2822 1393 2883 aut

349 2923 610 3013 aristocratiae,
630 2921 695 2995 sed
711 2921 957 2994 monarchiae.

400 3038 522 3112 Primo
540 3047 664 3110 autem
680 3058 757 3124 rex,
776 3037 880 3132 eujus
896 3045 1061 3131 potestas
1075 3059 1159 3107 cum
1172 3035 1249 3108 vita
1265 3036 1393 3109 termi-

349 3161 471 3241 natur,
483 3150 609 3246 quales
618 3148 786 3221 nonnulli
797 3147 908 3220 hodie
918 3159 1005 3221 sunt
1016 3148 1055 3220 in
1066 3149 1154 3221 orbe
1166 3149 1392 3235 Christiau03

351 3277 416 3339 aut
437 3265 468 3338 is
496 3264 560 3360 qui
581 3286 760 3336 summam
779 3260 928 3358 quidem
945 3261 1058 3335 habet
1073 3273 1309 3358 potestatem,
1328 3262 1393 3336 sed

350 3392 435 3477 post
451 3390 595 3474 tempus
619 3389 763 3450 eertum
779 3376 838 3448 vel
862 3375 910 3449 ad
926 3375 1080 3471 alicujus
1097 3376 1247 3449 alterius
1263 3377 1394 3449 volun-

351 3505 466 3567 tatem
494 3490 761 3587 deponendam,
789 3489 908 3585 qualis
938 3500 1019 3563 erat
1044 3489 1229 3586 quondam
1264 3491 1393 3564 Romae

352 3609 512 3682 dictator
526 3637 535 3688 ;
562 3604 594 3677 si
607 3603 827 3677 successoris
838 3603 998 3700 eligendi
1010 3613 1231 3700 potestatem
1246 3604 1393 3692 habeat,

351 3746 427 3795 non
443 3730 499 3793 est
515 3717 670 3813 amplius
687 3716 888 3789 monarcha
915 3718 1168 3813 temporariuS,
1187 3716 1252 3789 sed
1278 3717 1394 3814 impe-

352 3837 448 3908 rium
475 3832 589 3905 habet
610 3829 680 3902 sibi
697 3841 735 3901 et
754 3827 963 3903 haeredibus
980 3828 1066 3902 suis.
1119 3828 1184 3901 Sin
1209 3840 1394 3926 potestate

352 3949 415 4022 illa
433 3955 568 4032 eareat,
587 3941 681 4015 alter
709 3941 841 4014 estve]
861 3942 972 4014 homo
989 3941 1048 4014 vel
1065 3952 1194 4032 coetus,
1221 3943 1283 4037 qui
1310 3955 1395 4040 post

351 4061 448 4135 illius
466 4059 609 4132 obitum
625 4078 751 4151 regem
767 4079 904 4128 novum
922 4054 1057 4152 eligere
1073 4067 1207 4152 potest.
1259 4057 1333 4130 Sed
1349 4057 1394 4148 ia,

354 4175 417 4271 qui
442 4174 513 4246 hoe
538 4180 672 4267 potest,
696 4191 875 4242 summam
898 4179 1118 4263 potestatem
1145 4180 1230 4243 ante
1253 4170 1393 4245 habuit.

352 4288 451 4361 Dare
464 4285 563 4359 enim
575 4283 694 4374 alteri,
706 4282 806 4377 quod
823 4283 901 4379 ipse
914 4306 990 4356 non
1002 4283 1125 4374 habet,
1137 4307 1245 4358 nemo
1259 4295 1392 4382 potest.
