2926 4980
496 361 552 414 na
571 360 756 415 uournn.
1103 344 1171 410 105

119 533 228 607 aliud
255 532 398 605 bonnm
427 530 597 628 accipiat.
649 530 747 604 Nam
773 527 836 624 qui
852 527 955 625 prior
971 527 1171 617 transtulit,
1201 559 1279 609 cst,
1293 558 1367 610 nv,

120 645 335 720 voluntarie
368 644 411 718 id
442 644 557 729 fecit3
595 643 797 718 voluntatis
827 654 952 715 autem
986 642 1170 737 objectum
1183 641 1373 755 „effi

122 783 274 857 semper
289 760 431 832 bonum
447 769 504 831 est
516 757 665 854 aliquod
680 755 830 831 volenti.
866 756 961 829 Sunt
977 767 1100 828 autem
1114 777 1172 828 res
1183 764 1322 881 imm
1309 777 1373 872 aii

124 873 275 970 aliquae,
293 897 377 969 quae
393 894 514 969 neque
530 872 651 944 verbis
667 894 787 968 neque
809 869 944 943 aliis
916 870 1030 966 s1gnis
1054 880 1174 942 trans-
1185 894 1340 940 ananam

126 986 221 1059 ferri
236 997 303 1060 ant
320 985 478 1081 relinqui
492 995 667 1082 possunt,
694 982 851 1079 quiacur
840 982 961 1055 bono
978 983 1018 1055 id
1030 982 1173 1070 fecerit,

128 1099 288 1196 intelligi
313 1122 389 1173 non
405 1109 540 1195 potest.
592 1099 695 1171 Idem
712 1097 758 1170 de
774 1098 986 1171 vulneribus
1003 1109 1040 1172 et
1056 1099 1175 1173 incar-

131 1212 321 1287 ceratione
339 1211 536 1284 dicendum
553 1222 620 1285 est.
672 1211 855 1301 Secundo,
879 1213 940 1308 jus
958 1222 1088 1285 contra
1099 1213 1175 1286 vim

131 1352 173 1401 se
189 1324 412 1399 defendendi
423 1325 629 1399 necessario
640 1325 824 1399 retinetur
838 1356 847 1408 ;
873 1324 1037 1422 namqui
1055 1349 1094 1399 se
1112 1326 1175 1399 de-

132 1440 263 1530 fendit,
282 1463 474 1536 quousque
490 1439 546 1512 vis
562 1462 801 1536 progressura
817 1449 873 1513 est
890 1440 1047 1534 ignorat.
1086 1440 1175 1512 Ter-

133 1555 200 1644 tio,
215 1554 313 1643 finis,
331 1563 483 1649 propter
510 1576 618 1649 quem
635 1553 777 1626 relictio
793 1551 853 1625 vel
869 1553 1061 1626 translatio
1079 1553 1175 1648 juris

132 1666 349 1741 introducta
364 1677 432 1755 est,
450 1665 543 1739 alius
566 1688 642 1739 non
660 1675 726 1755 cst,
745 1687 856 1762 quam
878 1665 966 1739 vitae
982 1678 1021 1739 et
1037 1665 1177 1739 medio·

134 1806 216 1855 rum
248 1781 296 1854 ad
321 1779 437 1853 vitam
467 1780 706 1853 conservatio.
759 1778 799 1852 Si
829 1779 910 1876 quis
941 1803 1028 1875 ergo
1053 1779 1175 1852 verbis

133 1894 294 1991 signisve
307 1892 388 1966 aliis
401 1892 558 1989 spoliare
571 1917 610 1966 se
627 1894 700 1966 fine
710 1893 889 1984 videatur,
905 1904 1057 1990 propter
1067 1917 1176 1990 quem

133 2008 205 2080 illis
221 2032 311 2081 usus
327 2030 407 2080 esse
423 2007 653 2104 intelligitur,
670 2007 708 2080 id
738 2007 869 2080 fecisse
890 2008 1096 2081 voluntarie
1113 2032 1176 2081 ex-

133 2120 353 2194 istimandus
369 2143 445 2193 non
459 2131 528 2208 est,
546 2119 612 2192 sed
628 2143 695 2215 per
708 2120 967 2217 ignorantiam,
978 2121 1176 2194 verborum

134 2246 175 2307 et
191 2235 381 2330 signorum
402 2233 548 2306 illorum
563 2232 639 2305 vim
656 2255 731 2305 non
754 2232 975 2329 intelligens,

183 2346 393 2421 'lranslatio
411 2346 505 2442 juris
522 2357 650 2418 mutua
666 2355 881 2418 contractus
899 2346 1044 2419 dicitur.
1096 2346 1176 2419 Dif-

135 2461 260 2534 fernnt
277 2470 403 2534 autem
421 2459 520 2531 inter
537 2482 576 2532 se
584 2460 655 2554 joa
673 2459 900 2555 transferre,
911 2471 949 2531 et
960 2484 1039 2532 rem
1050 2469 1176 2532 trana-

122 2573 243 2671 ferre
269 2573 346 2646 sive
365 2572 533 2645 tradere.
584 2571 760 2645 'ltaditur
788 2596 847 2645 res
864 2572 994 2646 eodem
1010 2584 1176 2668 tempore

135 2686 334 2783 aliquando
350 2710 424 2781 quo
440 2684 662 2758 transfertur
676 2686 748 2781 jus,
766 2696 809 2759 ut
824 2687 868 2758 fit
880 2686 919 2758 in
936 2688 1122 2782 emptione
1140 2698 1178 2760 et

137 2799 361 2888 venditione,
379 2797 527 2894 quando
551 2798 645 2871 alter
670 2799 877 2894 pecuniam,
895 2799 989 2873 alter
1005 2823 1177 2889 mercem,

137 2913 244 2985 simul
262 2936 348 2985 cum
371 2914 455 3008 jure
473 2911 668 2996 transfert;
695 2912 892 3009 aliquando
917 2914 1030 2987 etiam
1059 2925 1180 2987 trans-

137 3023 257 3097 fertur
270 3027 343 3122 jus‚
360 3036 559 3122 antequam
575 3023 743 3098 tradatur
759 3048 829 3099 res.

178 3139 375 3229 Praeterea,
390 3137 484 3211 alter
496 3138 794 3211 contrahentium
809 3139 857 3212 ad
867 3139 1086 3213 tradendam
1100 3165 1178 3213 rem

138 3252 198 3324 vel
222 3251 270 3324 ad
296 3262 529 3325 contractum
553 3251 807 3348 exequendum
830 3253 947 3326 altero
971 3254 1074 3350 prior
1099 3278 1179 3327 esse

138 3375 285 3460 potest3
327 3377 417 3438 tunc
451 3364 646 3460 posteriori
679 3365 786 3438 credi
814 3367 891 3440 sive
909 3368 1016 3462 fides
1047 3366 1180 3440 haberi

141 3477 295 3562 dicitur;
323 3488 361 3551 et
377 3478 571 3574 promissio
595 3479 673 3576 ejus
692 3490 849 3577 pactum
866 3481 1024 3566 dicitur;
1050 3491 1088 3554 et
1104 3505 1180 3554 non

140 3591 365 3688 praestitisse,
381 3590 537 3664 violatio
541 3592 656 3687 fidei.

191 3704 349 3780 Quando
366 3704 559 3779 translatio
585 3706 680 3802 juris
705 3716 835 3778 mutua
850 3729 926 3778 non
943 3718 1012 3796 est,
1029 3718 1178 3781 contra-

142 3818 305 3892 hentium
335 3830 460 3891 autem
494 3819 588 3892 alter
617 3820 679 3916 jus
707 3819 768 3893 vel
801 3843 880 3892 rem
909 3820 1086 3894 transfert
1115 3843 1179 3916 spe

142 3931 310 4004 amicitiae
326 3932 385 4004 vel
402 3932 511 4005 officii
528 3933 576 4005 ab
594 3956 638 4006 eo
651 3933 710 4005 cui
720 3933 906 4017 transfert,
919 3934 979 4006 vel
996 3934 1179 4007 existima-

141 4045 251 4119 tionis
286 4069 397 4118 causa
430 4046 529 4142 apud
562 4046 666 4135 alica,
698 4046 758 4118 vel
791 4070 837 4118 ex
870 4047 1061 4137 charitate,
1096 4045 1181 4119 talis

142 4159 332 4233 translatio
350 4160 503 4233 donatio
521 4174 560 4235 et
573 4160 711 4259 gratia
727 4160 945 4256 appellatur.

190 4273 455 4348 contractuum
472 4275 578 4373 signa
595 4299 767 4372 expressa
782 4285 869 4348 sunt
884 4274 1019 4357 verba;
1046 4273 1181 4347 debent
