2926 4980
361 395 415 447 nn
435 393 628 449 crvrrnra
649 392 918 447 cnmsrmnn.
1083 375 1157 452 367

121 563 356 659 cohaeretque
374 586 459 635 cum
476 562 697 636 authoritate
713 559 935 657 baptizandi.
977 559 1045 632 Est
1061 559 1159 633 enim
1182 591 1261 641 cip,
1273 589 1359 640 xm,

120 675 324 772 baptismus
340 676 539 763 fidelitatis,
556 675 627 748 illis
646 676 707 770 qui
731 676 769 747 in
794 697 950 771 regnum
975 673 1042 746 Dei
1068 673 1161 746 reci·
1197 671 1347 784 Μ

120 788 245 886 piendi
263 800 360 875 sunt,
378 799 658 861 sacramentum.
696 788 800 861 Sicut
816 787 914 860 enim
930 786 1006 859 vita
1022 798 1162 859 aeterna
1196 790 1349 855 edeam

120 925 189 999 per
221 901 365 996 peccati
399 902 703 991 commissionem,
730 900 863 974 amissa
888 912 990 982 erat3
1017 900 1070 972 ita
1096 922 1163 995 per

121 1026 358 1112 peccatorum
386 1015 648 1101 remissionem,
679 1014 929 1110 recuperanda
946 1023 1012 1086 est.
1064 1013 1163 1086 Finis

124 1152 212 1223 ergo
246 1128 417 1223 baptismi
447 1139 503 1200 est
535 1139 771 1224 peccatorum
805 1127 980 1200 remissio.
1034 1127 1163 1223 ltaque

126 1241 163 1314 S.
183 1242 323 1330 Patrue,
340 1240 423 1328 illis,
441 1241 504 1337 qui
529 1241 588 1314 die
605 1243 838 1315 Pentecostes
855 1241 901 1314 ab
918 1239 981 1313 illo
999 1239 1164 1312 conversi

127 1366 246 1443 erant,
271 1354 358 1450 qnid
376 1355 541 1428 facerent
558 1354 605 1428 ad
629 1357 743 1429 vitam
770 1367 945 1430 aetemam
962 1352 1165 1449 adipiscen-

126 1468 211 1541 dam
222 1470 479 1564 quaerentibus
493 1471 683 1565 respondit
696 1470 795 1562 (Act.
807 1470 845 1541 ii.
858 1471 935 1562 38):
950 1466 1163 1539 Poenitemi·

126 1581 177 1666 ni,
199 1590 236 1652 et
255 1581 500 1677 baptizamini
518 1582 556 1654 im
574 1583 717 1654 momine
733 1581 825 1654 «lesu
843 1580 898 1653 ad
913 1579 1165 1653 remissionem

120 1703 375 1790 peccatorum.
437 1696 492 1767 Ex
514 1719 571 1780 eo,
590 1695 687 1790 quod
704 1695 892 1791 baptizare
908 1704 964 1766 est
981 1693 1166 1765 declarare

126 1820 315 1902 receptum
340 1830 419 1879 esse
442 1807 668 1902 baptizatum
697 1808 736 1880 in
755 1832 908 1904 regnum
926 1807 1007 1896 Dei,
1026 1817 1063 1878 et
1079 1807 1168 1902 bap-

127 1920 276 1993 tismum
293 1943 427 2016 negare
446 1931 502 1993 est
524 1921 709 1993 declarare
727 1944 747 1992 e
770 1945 885 2016 regno
903 1919 971 1992 Dei
989 1919 1168 1991 exclusio-

126 2057 224 2121 nem,
243 2033 408 2127 sequitur
425 2044 645 2129 potestatem
663 2034 881 2129 receptionis
899 2045 937 2104 et
950 2031 1168 2104 exclusionis

128 2146 251 2219 datam
270 2169 349 2218 esse
366 2146 541 2242 apostolis
559 2158 596 2219 et
614 2146 885 2219 successoribus
903 2144 988 2217 suis.
1039 2145 1168 2239 ltaque

129 2260 304 2333 Servatur
321 2269 447 2331 noster
462 2270 655 2355 postquam
674 2260 713 2331 in
730 2258 812 2331 illos
830 2258 1014 2356 spirasset,
1028 2255 1170 2329 addidit

127 2372 225 2464 (Joh.
240 2397 301 2443 xx.
317 2374 402 2466 22):
422 2371 602 2469 Accipite
620 2371 803 2468 Spiritum
818 2371 1020 2453 Sanctum
1037 2381 1076 2441 et
1088 2393 1170 2441 ver-

130 2509 174 2558 su
201 2484 382 2580 proxim0,
412 2484 716 2581 Quorumcrmqae
738 2492 903 2580 peccato
932 2481 1169 2569 remiseritis,

130 2599 371 2670 remittuntur
397 2596 491 2681 illis,
510 2606 548 2668 et
562 2619 871 2693 ¹quorumeunque
894 2603 1060 2692 peecata
1077 2595 1170 2666 reti-

131 2710 305 2797 nueritis,
340 2709 563 2781 retinentur.
630 2708 772 2781 Quibus
801 2707 922 2780 verbis
958 2705 1171 2779 conceditur

132 2821 336 2895 authoritas
370 2830 524 2917 peccata
557 2818 769 2892 remittendi
803 2831 841 2892 et
875 2817 1057 2891 retinendi
1097 2842 1172 2890 non

132 2936 346 3031 simpliciter
378 2946 417 3007 et
447 2933 623 3021 absolute,
652 2934 747 3005 sicut
773 2943 925 3028 peccata
951 2932 1107 3005 remittit
1134 2942 1173 3003 et

132 3050 279 3138 retinet,
298 3049 361 3143 qui
384 3047 506 3121 cordis
535 3046 685 3119 humani
713 3045 842 3118 intima
875 3056 914 3116 et
946 3045 1172 3140 poenitentiae

133 3163 382 3235 sinceritatem
388 3161 620 3249 videt,Deus;
636 3159 701 3233 sed
715 3158 1023 3248 conditionaliter,
1030 3182 1181 3254 nempe,-

35 3354 54 3383 o
134 3277 165 3348 si
182 3299 267 3348 vere
285 3275 536 3371 poenituerint.

184 3391 307 3484 Atque
325 3389 403 3461 haec
421 3386 602 3460 absolutio
619 3386 701 3476 illis,
717 3387 780 3483 qui
796 3385 1048 3482 poenitentiam
1064 3385 1175 3457 simu-

137 3502 228 3590 lant,
254 3502 332 3575 sine
366 3501 466 3573 omni
501 3499 723 3573 absolventis
749 3499 941 3589 sententia,
968 3499 1073 3571 irrita
1107 3507 1174 3588 est,

135 3614 317 3711 nequead
331 3615 487 3687 salutem
501 3614 651 3688 omnino
670 3613 786 3712 valet,
797 3613 861 3686 sed
879 3625 1010 3685 contra
1026 3611 1073 3684 ad
1089 3635 1174 3707 pec-

136 3729 210 3802 cati
228 3727 537 3825 aggravationem.
589 3725 757 3823 Apostoli
784 3749 872 3822 ergo
894 3737 1076 3797 eteorum
1094 3747 1175 3796 suc-

137 3865 298 3914 cessores
314 3841 542 3937 poenitentiae
559 3850 664 3913 notas
685 3839 884 3911 exteriores
906 3849 1051 3910 tantum
1074 3837 1176 3932 sequi

138 3954 342 4037 debebant;
382 3965 419 4026 et
445 3953 516 4026 illis
550 3952 820 4049 apparentibus,
849 3961 1069 4047 potestatem
1102 3972 1178 4021 non

139 4067 350 4141 absolvendi
380 4067 519 4140 nullam
544 4066 775 4147 habuerunt;
806 4088 880 4136 non
904 4063 1177 4159 apparentibus,

139 4178 329 4252 absolvere
354 4203 430 4252 non
454 4187 665 4274 potuerunt
718 4175 819 4248 Idem
846 4175 956 4249 etiam
983 4173 1178 4247 dicendum

142 4305 199 4366 est
217 4292 262 4366 de
279 4292 460 4388 baptismo
477 4321 485 4364 ε
513 4315 600 4365 nam
615 4289 745 4364 Judaeo
763 4301 827 4364 aut
854 4288 986 4362 Graeco
1002 4287 1050 4361 ad
1067 4288 1178 4361 fidem
