<?xml version="1.0" encoding="UTF-8"?>
<!DOCTYPE html PUBLIC "-//W3C//DTD XHTML 1.0 Transitional//EN"
    "http://www.w3.org/TR/xhtml1/DTD/xhtml1-transitional.dtd">
<html xmlns="http://www.w3.org/1999/xhtml" xml:lang="en" lang="en">
 <head>
  <title>
</title>
<meta http-equiv="Content-Type" content="text/html;charset=utf-8" />
  <meta name='ocr-system' content='tesseract 3.04.00' />
  <meta name='ocr-capabilities' content='ocr_page ocr_carea ocr_par ocr_line ocrx_word'/>
</head>
<body>
  <div class='ocr_page' id='page_1' title='image "./thomhobbesmalme02hobbgoog_0342.png"; bbox 0 0 2926 4980; ppageno 0'>
   <div class='ocr_carea' id='block_1_1' title="bbox 346 373 1136 440">
    <p class='ocr_par' dir='ltr' id='par_1_1' title="bbox 346 373 1136 440">
     <span class='ocr_line' id='line_1_1' title="bbox 346 373 1136 440; baseline 0 -2"><span class='ocrx_word' id='word_1_1' title='bbox 346 388 399 440; x_wconf 82' lang='lat' dir='ltr'>na</span> <span class='ocrx_word' id='word_1_2' title='bbox 418 386 610 439; x_wconf 75' lang='lat' dir='ltr'>ervmara</span> <span class='ocrx_word' id='word_1_3' title='bbox 630 386 896 440; x_wconf 77' lang='lat' dir='ltr'>cunmrmnn.</span> <span class='ocrx_word' id='word_1_4' title='bbox 1064 373 1136 439; x_wconf 79' lang='lat'>349</span> 
     </span>
    </p>
   </div>
   <div class='ocr_carea' id='block_1_2' title="bbox 103 554 1336 1670">
    <p class='ocr_par' dir='ltr' id='par_1_2' title="bbox 103 554 1336 1670">
     <span class='ocr_line' id='line_1_2' title="bbox 103 554 1322 652; baseline -0.002 -23"><span class='ocrx_word' id='word_1_5' title='bbox 103 578 178 629; x_wconf 91' lang='lat' dir='ltr'>non</span> <span class='ocrx_word' id='word_1_6' title='bbox 199 566 322 628; x_wconf 91' lang='lat' dir='ltr'>tamen</span> <span class='ocrx_word' id='word_1_7' title='bbox 337 566 401 628; x_wconf 88' lang='lat' dir='ltr'>aut</span> <span class='ocrx_word' id='word_1_8' title='bbox 414 555 539 629; x_wconf 87' lang='lat' dir='ltr'>Esdrae</span> <span class='ocrx_word' id='word_1_9' title='bbox 555 565 617 629; x_wconf 90' lang='lat' dir='ltr'>aut</span> <span class='ocrx_word' id='word_1_10' title='bbox 636 555 697 628; x_wconf 89' lang='lat' dir='ltr'>alii</span> <span class='ocrx_word' id='word_1_11' title='bbox 710 555 880 652; x_wconf 88' lang='lat' dir='ltr'>cuiquam</span> <span class='ocrx_word' id='word_1_12' title='bbox 889 554 1137 652; x_wconf 88' lang='lat' dir='ltr'>promiserunt</span> <span class='ocrx_word' id='word_1_13' title='bbox 1177 584 1253 634; x_wconf 56' lang='lat' dir='ltr'>cip.</span> <span class='ocrx_word' id='word_1_14' title='bbox 1265 584 1322 634; x_wconf 64' lang='lat' dir='ltr'>xp.</span> 
     </span>
     <span class='ocr_line' id='line_1_3' title="bbox 104 666 1335 786; baseline -0.003 -44"><span class='ocrx_word' id='word_1_15' title='bbox 104 668 358 743; x_wconf 85' lang='lat' dir='ltr'><strong>obedientiam.</strong></span> <span class='ocrx_word' id='word_1_16' title='bbox 410 667 564 757; x_wconf 87' lang='lat' dir='ltr'>Deinde,</span> <span class='ocrx_word' id='word_1_17' title='bbox 578 692 653 741; x_wconf 93' lang='lat' dir='ltr'>non</span> <span class='ocrx_word' id='word_1_18' title='bbox 672 666 788 741; x_wconf 90' lang='lat' dir='ltr'>multo</span> <span class='ocrx_word' id='word_1_19' title='bbox 806 678 891 764; x_wconf 89' lang='lat' dir='ltr'>post</span> <span class='ocrx_word' id='word_1_20' title='bbox 900 667 1035 741; x_wconf 89' lang='lat' dir='ltr'>subditi</span> <span class='ocrx_word' id='word_1_21' title='bbox 1048 666 1137 741; x_wconf 83' lang='lat' dir='ltr'>facti</span> <span class='ocrx_word' id='word_1_22' title='bbox 1164 666 1335 786; x_wconf 50' lang='lat' dir='ltr'>ffii</span> 
     </span>
     <span class='ocr_line' id='line_1_4' title="bbox 105 779 1336 900; baseline -0.002 -44"><span class='ocrx_word' id='word_1_23' title='bbox 105 793 190 856; x_wconf 89' lang='lat' dir='ltr'>suut</span> <span class='ocrx_word' id='word_1_24' title='bbox 206 782 434 865; x_wconf 82' lang='lat' dir='ltr'>Graeoorum3</span> <span class='ocrx_word' id='word_1_25' title='bbox 453 805 645 878; x_wconf 90' lang='lat' dir='ltr'>aquorum</span> <span class='ocrx_word' id='word_1_26' title='bbox 659 779 936 876; x_wconf 86' lang='lat' dir='ltr'>daemonologia‚</span> <span class='ocrx_word' id='word_1_27' title='bbox 951 805 1035 853; x_wconf 86' lang='lat' dir='ltr'>cum</span> <span class='ocrx_word' id='word_1_28' title='bbox 1052 780 1137 854; x_wconf 84' lang='lat' dir='ltr'>doc·</span> <span class='ocrx_word' id='word_1_29' title='bbox 1163 792 1206 900; x_wconf 56' lang='grc' dir='ltr'>ξεί</span> <span class='ocrx_word' id='word_1_30' title='bbox 1225 793 1249 836; x_wconf 80' lang='lat' dir='ltr'>a</span> <span class='ocrx_word' id='word_1_31' title='bbox 1258 790 1336 899; x_wconf 54' lang='lat' dir='ltr'>psa</span> 
     </span>
     <span class='ocr_line' id='line_1_5' title="bbox 105 868 1336 999; baseline -0.004 -30"><span class='ocrx_word' id='word_1_32' title='bbox 105 897 203 969; x_wconf 84' lang='lat' dir='ltr'>trina</span> <span class='ocrx_word' id='word_1_33' title='bbox 227 894 483 966; x_wconf 85' lang='lat' dir='ltr'>cabalistarum</span> <span class='ocrx_word' id='word_1_34' title='bbox 501 892 623 981; x_wconf 88' lang='lat' dir='ltr'>mista,</span> <span class='ocrx_word' id='word_1_35' title='bbox 642 916 769 966; x_wconf 91' lang='lat' dir='ltr'>eorum</span> <span class='ocrx_word' id='word_1_36' title='bbox 794 892 921 989; x_wconf 86' lang='lat' dir='ltr'>religio</span> <span class='ocrx_word' id='word_1_37' title='bbox 946 893 1137 990; x_wconf 88' lang='lat' dir='ltr'>insigniter</span> <span class='ocrx_word' id='word_1_38' title='bbox 1163 868 1336 999; x_wconf 42' lang='lat' dir='ltr'>aiddu&amp;-</span> 
     </span>
     <span class='ocr_line' id='line_1_6' title="bbox 106 987 1335 1108; baseline -0.002 -26"><span class='ocrx_word' id='word_1_39' title='bbox 106 1021 280 1105; x_wconf 87' lang='lat' dir='ltr'>corrupta</span> <span class='ocrx_word' id='word_1_40' title='bbox 308 1017 383 1080; x_wconf 88' lang='lat' dir='ltr'>est:</span> <span class='ocrx_word' id='word_1_41' title='bbox 418 1007 482 1092; x_wconf 90' lang='lat' dir='ltr'>ita,</span> <span class='ocrx_word' id='word_1_42' title='bbox 512 1017 554 1079; x_wconf 93' lang='lat' dir='ltr'>ut</span> <span class='ocrx_word' id='word_1_43' title='bbox 583 1031 606 1080; x_wconf 90' lang='lat' dir='ltr'>a</span> <span class='ocrx_word' id='word_1_44' title='bbox 630 1006 844 1080; x_wconf 77' lang='lat' dir='ltr'>confusione</span> <span class='ocrx_word' id='word_1_45' title='bbox 873 1018 952 1080; x_wconf 90' lang='lat' dir='ltr'>tum</span> <span class='ocrx_word' id='word_1_46' title='bbox 985 1007 1136 1104; x_wconf 86' lang='lat' dir='ltr'>politiae,</span> <span class='ocrx_word' id='word_1_47' title='bbox 1163 987 1335 1108; x_wconf 54' lang='lat' dir='ltr'>{ffiffi</span> 
     </span>
     <span class='ocr_line' id='line_1_7' title="bbox 104 1120 1137 1218; baseline -0.004 -22"><span class='ocrx_word' id='word_1_48' title='bbox 104 1133 184 1196; x_wconf 91' lang='lat' dir='ltr'>tum</span> <span class='ocrx_word' id='word_1_49' title='bbox 200 1121 386 1218; x_wconf 85' lang='lat' dir='ltr'>religionis</span> <span class='ocrx_word' id='word_1_50' title='bbox 400 1144 537 1209; x_wconf 90' lang='lat' dir='ltr'>eorum,</span> <span class='ocrx_word' id='word_1_51' title='bbox 552 1120 598 1193; x_wconf 91' lang='lat' dir='ltr'>de</span> <span class='ocrx_word' id='word_1_52' title='bbox 615 1133 828 1218; x_wconf 88' lang='lat' dir='ltr'>suprematu</span> <span class='ocrx_word' id='word_1_53' title='bbox 840 1121 878 1193; x_wconf 91' lang='lat' dir='ltr'>in</span> <span class='ocrx_word' id='word_1_54' title='bbox 892 1133 1048 1216; x_wconf 89' lang='lat' dir='ltr'>utraque</span> <span class='ocrx_word' id='word_1_55' title='bbox 1062 1120 1137 1193; x_wconf 88' lang='lat' dir='ltr'>eol-</span> 
     </span>
     <span class='ocr_line' id='line_1_8' title="bbox 104 1232 1138 1332; baseline -0.003 -24"><span class='ocrx_word' id='word_1_56' title='bbox 104 1234 169 1332; x_wconf 84' lang='lat' dir='ltr'>ligi</span> <span class='ocrx_word' id='word_1_57' title='bbox 186 1235 275 1308; x_wconf 91' lang='lat' dir='ltr'>nihil</span> <span class='ocrx_word' id='word_1_58' title='bbox 293 1234 419 1330; x_wconf 84' lang='lat' dir='ltr'>possit.</span> <span class='ocrx_word' id='word_1_59' title='bbox 473 1234 664 1308; x_wconf 78' lang='lat' dir='ltr'>Quantum</span> <span class='ocrx_word' id='word_1_60' title='bbox 684 1257 772 1329; x_wconf 83' lang='lat' dir='ltr'>ergo</span> <span class='ocrx_word' id='word_1_61' title='bbox 790 1234 923 1307; x_wconf 86' lang='lat' dir='ltr'>attinet</span> <span class='ocrx_word' id='word_1_62' title='bbox 939 1234 987 1307; x_wconf 86' lang='lat' dir='ltr'>ad</span> <span class='ocrx_word' id='word_1_63' title='bbox 1011 1232 1138 1306; x_wconf 79' lang='lat' dir='ltr'>Testa-</span> 
     </span>
     <span class='ocr_line' id='line_1_9' title="bbox 105 1345 1138 1444; baseline -0.002 -24"><span class='ocrx_word' id='word_1_64' title='bbox 105 1359 269 1421; x_wconf 88' lang='lat' dir='ltr'>mentum</span> <span class='ocrx_word' id='word_1_65' title='bbox 275 1346 497 1432; x_wconf 77' lang='lat' dir='ltr'>VetuS‚nihil</span> <span class='ocrx_word' id='word_1_66' title='bbox 510 1347 661 1443; x_wconf 89' lang='lat' dir='ltr'>impedit</span> <span class='ocrx_word' id='word_1_67' title='bbox 675 1346 763 1444; x_wconf 93' lang='lat' dir='ltr'>quin</span> <span class='ocrx_word' id='word_1_68' title='bbox 777 1345 1047 1435; x_wconf 84' lang='lat' dir='ltr'>concludamus,</span> <span class='ocrx_word' id='word_1_69' title='bbox 1058 1356 1138 1418; x_wconf 90' lang='lat' dir='ltr'>tum</span> 
     </span>
     <span class='ocr_line' id='line_1_10' title="bbox 105 1459 1137 1557; baseline -0.003 -23"><span class='ocrx_word' id='word_1_70' title='bbox 105 1484 284 1534; x_wconf 88' lang='lat' dir='ltr'>summam</span> <span class='ocrx_word' id='word_1_71' title='bbox 300 1470 518 1557; x_wconf 88' lang='lat' dir='ltr'>potestatem</span> <span class='ocrx_word' id='word_1_72' title='bbox 542 1460 696 1548; x_wconf 85' lang='lat' dir='ltr'>civilem,</span> <span class='ocrx_word' id='word_1_73' title='bbox 721 1471 800 1532; x_wconf 91' lang='lat' dir='ltr'>tum</span> <span class='ocrx_word' id='word_1_74' title='bbox 826 1469 1073 1556; x_wconf 89' lang='lat' dir='ltr'>suprematum</span> <span class='ocrx_word' id='word_1_75' title='bbox 1099 1459 1137 1531; x_wconf 91' lang='lat' dir='ltr'>in</span> 
     </span>
     <span class='ocr_line' id='line_1_11' title="bbox 105 1572 1137 1670; baseline -0.004 -23"><span class='ocrx_word' id='word_1_76' title='bbox 105 1576 214 1647; x_wconf 89' lang='lat' dir='ltr'>rebus</span> <span class='ocrx_word' id='word_1_77' title='bbox 227 1573 370 1662; x_wconf 90' lang='lat' dir='ltr'>divinis,</span> <span class='ocrx_word' id='word_1_78' title='bbox 383 1597 526 1670; x_wconf 86' lang='lat' dir='ltr'>semper</span> <span class='ocrx_word' id='word_1_79' title='bbox 535 1572 575 1645; x_wconf 91' lang='lat' dir='ltr'>in</span> <span class='ocrx_word' id='word_1_80' title='bbox 587 1597 662 1646; x_wconf 91' lang='lat' dir='ltr'>una</span> <span class='ocrx_word' id='word_1_81' title='bbox 675 1583 714 1646; x_wconf 91' lang='lat' dir='ltr'>et</span> <span class='ocrx_word' id='word_1_82' title='bbox 724 1573 850 1646; x_wconf 87' lang='lat' dir='ltr'>eadem</span> <span class='ocrx_word' id='word_1_83' title='bbox 861 1597 1017 1670; x_wconf 88' lang='lat' dir='ltr'>persona</span> <span class='ocrx_word' id='word_1_84' title='bbox 1026 1572 1137 1646; x_wconf 88' lang='lat' dir='ltr'>fuisse</span> 
     </span>
    </p>
   </div>
   <div class='ocr_carea' id='block_1_3' title="bbox 106 1690 330 1783">
    <p class='ocr_par' dir='ltr' id='par_1_3' title="bbox 106 1690 330 1783">
     <span class='ocr_line' id='line_1_12' title="bbox 106 1690 330 1783; baseline -0.013 -22"><span class='ocrx_word' id='word_1_85' title='bbox 106 1690 330 1783; x_wconf 79' lang='lat' dir='ltr'>conjunctos,</span> 
     </span>
    </p>
   </div>
   <div class='ocr_carea' id='block_1_4' title="bbox 477 2062 766 2136">
    <p class='ocr_par' dir='ltr' id='par_1_4' title="bbox 477 2062 766 2136">
     <span class='ocr_line' id='line_1_13' title="bbox 477 2062 766 2136; baseline 0.007 -2"><span class='ocrx_word' id='word_1_86' title='bbox 477 2062 641 2135; x_wconf 84' lang='lat' dir='ltr'><strong>CAPUT</strong></span> <span class='ocrx_word' id='word_1_87' title='bbox 668 2063 766 2136; x_wconf 86' lang='lat' dir='ltr'><strong>XLI.</strong></span> 
     </span>
    </p>
   </div>
   <div class='ocr_carea' id='block_1_5' title="bbox 219 2235 1025 2287">
    <p class='ocr_par' dir='ltr' id='par_1_5' title="bbox 219 2235 1025 2287">
     <span class='ocr_line' id='line_1_14' title="bbox 219 2235 1025 2287; baseline 0.002 -3"><span class='ocrx_word' id='word_1_88' title='bbox 219 2236 265 2284; x_wconf 80' lang='lat' dir='ltr'>DE</span> <span class='ocrx_word' id='word_1_89' title='bbox 283 2235 501 2285; x_wconf 79' lang='lat' dir='ltr'>SERVATORIS</span> <span class='ocrx_word' id='word_1_90' title='bbox 520 2235 646 2284; x_wconf 84' lang='lat' dir='ltr'>NOSTRI</span> <span class='ocrx_word' id='word_1_91' title='bbox 665 2236 854 2286; x_wconf 69' lang='lat' dir='ltr'>sanantem</span> <span class='ocrx_word' id='word_1_92' title='bbox 873 2235 1025 2287; x_wconf 68' lang='lat' dir='ltr'>omero,</span> 
     </span>
    </p>
   </div>
   <div class='ocr_carea' id='block_1_6' title="bbox 106 2351 1144 4369">
    <p class='ocr_par' dir='ltr' id='par_1_6' title="bbox 106 2351 1142 3918">
     <span class='ocr_line' id='line_1_15' title="bbox 106 2351 1140 2448; baseline 0.001 -24"><span class='ocrx_word' id='word_1_93' title='bbox 106 2351 478 2425; x_wconf 81' lang='lat' dir='ltr'>OamcnServatoris</span> <span class='ocrx_word' id='word_1_94' title='bbox 491 2351 608 2423; x_wconf 86' lang='lat' dir='ltr'>nostri</span> <span class='ocrx_word' id='word_1_95' title='bbox 620 2352 820 2447; x_wconf 89' lang='lat' dir='ltr'>reperimus</span> <span class='ocrx_word' id='word_1_96' title='bbox 830 2353 867 2425; x_wconf 92' lang='lat' dir='ltr'>in</span> <span class='ocrx_word' id='word_1_97' title='bbox 875 2353 1072 2448; x_wconf 75' lang='lat' dir='ltr'>scripturis</span> <span class='ocrx_word' id='word_1_98' title='bbox 1082 2377 1140 2426; x_wconf 91' lang='lat' dir='ltr'>sa-</span> 
     </span>
     <span class='ocr_line' id='line_1_16' title="bbox 107 2463 1139 2563; baseline 0 -25"><span class='ocrx_word' id='word_1_99' title='bbox 107 2465 178 2538; x_wconf 87' lang='lat' dir='ltr'>eris</span> <span class='ocrx_word' id='word_1_100' title='bbox 191 2476 265 2537; x_wconf 90' lang='lat' dir='ltr'>tres</span> <span class='ocrx_word' id='word_1_101' title='bbox 285 2476 406 2561; x_wconf 87' lang='lat' dir='ltr'>partes</span> <span class='ocrx_word' id='word_1_102' title='bbox 422 2496 431 2549; x_wconf 91' lang='lat'><strong>;</strong></span> <span class='ocrx_word' id='word_1_103' title='bbox 450 2465 606 2560; x_wconf 89' lang='lat' dir='ltr'>primam</span> <span class='ocrx_word' id='word_1_104' title='bbox 622 2463 897 2563; x_wconf 65' lang='lat' dir='ltr'>Redemptoria</span> <span class='ocrx_word' id='word_1_105' title='bbox 910 2467 985 2540; x_wconf 86' lang='lat' dir='ltr'>sive</span> <span class='ocrx_word' id='word_1_106' title='bbox 1003 2465 1139 2538; x_wconf 81' lang='lat' dir='ltr'>Serva-</span> 
     </span>
     <span class='ocr_line' id='line_1_17' title="bbox 108 2577 1140 2669; baseline 0.001 -20"><span class='ocrx_word' id='word_1_107' title='bbox 108 2578 203 2650; x_wconf 79' lang='lat' dir='ltr'>toria</span> <span class='ocrx_word' id='word_1_108' title='bbox 214 2605 229 2662; x_wconf 90' lang='lat'><em>;</em></span> <span class='ocrx_word' id='word_1_109' title='bbox 256 2578 452 2651; x_wconf 88' lang='lat' dir='ltr'>secundam</span> <span class='ocrx_word' id='word_1_110' title='bbox 469 2577 657 2668; x_wconf 72' lang='lat' dir='ltr'>Pastoris,</span> <span class='ocrx_word' id='word_1_111' title='bbox 675 2578 751 2651; x_wconf 87' lang='lat' dir='ltr'>sive</span> <span class='ocrx_word' id='word_1_112' title='bbox 767 2578 1000 2669; x_wconf 80' lang='lat' dir='ltr'>Consiliarii,</span> <span class='ocrx_word' id='word_1_113' title='bbox 1023 2578 1063 2651; x_wconf 94' lang='lat' dir='ltr'>id</span> <span class='ocrx_word' id='word_1_114' title='bbox 1085 2588 1140 2651; x_wconf 89' lang='lat' dir='ltr'>est</span> 
     </span>
     <span class='ocr_line' id='line_1_18' title="bbox 107 2689 1137 2788; baseline 0 -25"><span class='ocrx_word' id='word_1_115' title='bbox 107 2691 207 2763; x_wconf 88' lang='lat' dir='ltr'>missi</span> <span class='ocrx_word' id='word_1_116' title='bbox 224 2691 303 2764; x_wconf 91' lang='lat' dir='ltr'>Deo</span> <span class='ocrx_word' id='word_1_117' title='bbox 326 2691 374 2763; x_wconf 91' lang='lat' dir='ltr'>ad</span> <span class='ocrx_word' id='word_1_118' title='bbox 400 2689 674 2763; x_wconf 86' lang='lat' dir='ltr'>conversionem</span> <span class='ocrx_word' id='word_1_119' title='bbox 702 2690 904 2764; x_wconf 85' lang='lat' dir='ltr'>electorum</span> <span class='ocrx_word' id='word_1_120' title='bbox 930 2691 1137 2788; x_wconf 85' lang='lat' dir='ltr'>prophetae:</span> 
     </span>
     <span class='ocr_line' id='line_1_19' title="bbox 106 2802 1140 2902; baseline -0.002 -25"><span class='ocrx_word' id='word_1_121' title='bbox 106 2805 253 2878; x_wconf 85' lang='lat' dir='ltr'>tertiam</span> <span class='ocrx_word' id='word_1_122' title='bbox 282 2804 413 2902; x_wconf 79' lang='lat' dir='ltr'>Regis,</span> <span class='ocrx_word' id='word_1_123' title='bbox 432 2803 562 2876; x_wconf 80' lang='lat' dir='ltr'>aeterni</span> <span class='ocrx_word' id='word_1_124' title='bbox 582 2802 724 2902; x_wconf 58' lang='lat' dir='ltr'>Regin</span> <span class='ocrx_word' id='word_1_125' title='bbox 752 2804 817 2876; x_wconf 91' lang='lat' dir='ltr'>sed</span> <span class='ocrx_word' id='word_1_126' title='bbox 834 2804 930 2877; x_wconf 88' lang='lat' dir='ltr'>sieut</span> <span class='ocrx_word' id='word_1_127' title='bbox 947 2803 1082 2891; x_wconf 89' lang='lat' dir='ltr'>Moses,</span> <span class='ocrx_word' id='word_1_128' title='bbox 1101 2815 1140 2875; x_wconf 93' lang='lat' dir='ltr'>et</span> 
     </span>
     <span class='ocr_line' id='line_1_20' title="bbox 108 2913 1139 3014; baseline -0.002 -24"><span class='ocrx_word' id='word_1_129' title='bbox 108 2918 333 3014; x_wconf 90' lang='lat' dir='ltr'>temporibus</span> <span class='ocrx_word' id='word_1_130' title='bbox 357 2917 432 2989; x_wconf 90' lang='lat' dir='ltr'>suis</span> <span class='ocrx_word' id='word_1_131' title='bbox 450 2915 582 2988; x_wconf 88' lang='lat' dir='ltr'>summi</span> <span class='ocrx_word' id='word_1_132' title='bbox 607 2913 827 3006; x_wconf 86' lang='lat' dir='ltr'>sacerdotes,</span> <span class='ocrx_word' id='word_1_133' title='bbox 845 2917 912 2989; x_wconf 89' lang='lat' dir='ltr'>sub</span> <span class='ocrx_word' id='word_1_134' title='bbox 931 2916 1039 2989; x_wconf 91' lang='lat' dir='ltr'>Patre</span> <span class='ocrx_word' id='word_1_135' title='bbox 1061 2940 1139 2988; x_wconf 89' lang='lat' dir='ltr'>suo.</span> 
     </span>
     <span class='ocr_line' id='line_1_21' title="bbox 109 3028 1139 3127; baseline 0 -23"><span class='ocrx_word' id='word_1_136' title='bbox 109 3033 232 3127; x_wconf 89' lang='lat' dir='ltr'>Atque</span> <span class='ocrx_word' id='word_1_137' title='bbox 248 3031 305 3103; x_wconf 90' lang='lat' dir='ltr'>his</span> <span class='ocrx_word' id='word_1_138' title='bbox 322 3030 439 3102; x_wconf 89' lang='lat' dir='ltr'>tribus</span> <span class='ocrx_word' id='word_1_139' title='bbox 456 3029 619 3124; x_wconf 89' lang='lat' dir='ltr'>partibus</span> <span class='ocrx_word' id='word_1_140' title='bbox 635 3028 858 3125; x_wconf 87' lang='lat' dir='ltr'>respondent</span> <span class='ocrx_word' id='word_1_141' title='bbox 874 3029 946 3103; x_wconf 89' lang='lat' dir='ltr'>tria</span> <span class='ocrx_word' id='word_1_142' title='bbox 962 3041 1139 3125; x_wconf 88' lang='lat' dir='ltr'>tempora.</span> 
     </span>
     <span class='ocr_line' id='line_1_22' title="bbox 110 3141 1141 3240; baseline -0.003 -23"><span class='ocrx_word' id='word_1_143' title='bbox 110 3145 206 3217; x_wconf 91' lang='lat' dir='ltr'>Nam</span> <span class='ocrx_word' id='word_1_144' title='bbox 222 3143 261 3216; x_wconf 92' lang='lat' dir='ltr'>in</span> <span class='ocrx_word' id='word_1_145' title='bbox 277 3143 396 3239; x_wconf 88' lang='lat' dir='ltr'>primo</span> <span class='ocrx_word' id='word_1_146' title='bbox 416 3144 493 3238; x_wconf 90' lang='lat' dir='ltr'>ejus</span> <span class='ocrx_word' id='word_1_147' title='bbox 511 3141 682 3233; x_wconf 87' lang='lat' dir='ltr'>adventu,</span> <span class='ocrx_word' id='word_1_148' title='bbox 699 3166 765 3239; x_wconf 93' lang='lat' dir='ltr'>per</span> <span class='ocrx_word' id='word_1_149' title='bbox 781 3143 838 3216; x_wconf 89' lang='lat' dir='ltr'>sui</span> <span class='ocrx_word' id='word_1_150' title='bbox 860 3142 972 3240; x_wconf 89' lang='lat' dir='ltr'>ipsius</span> <span class='ocrx_word' id='word_1_151' title='bbox 991 3153 1141 3239; x_wconf 89' lang='lat' dir='ltr'>propter</span> 
     </span>
     <span class='ocr_line' id='line_1_23' title="bbox 108 3254 1139 3354; baseline 0 -26"><span class='ocrx_word' id='word_1_152' title='bbox 108 3267 261 3354; x_wconf 86' lang='lat' dir='ltr'>peecata</span> <span class='ocrx_word' id='word_1_153' title='bbox 284 3266 411 3328; x_wconf 90' lang='lat' dir='ltr'>nostra</span> <span class='ocrx_word' id='word_1_154' title='bbox 435 3254 657 3328; x_wconf 90' lang='lat' dir='ltr'>oblationem</span> <span class='ocrx_word' id='word_1_155' title='bbox 682 3255 721 3328; x_wconf 90' lang='lat' dir='ltr'>iu</span> <span class='ocrx_word' id='word_1_156' title='bbox 747 3280 855 3328; x_wconf 85' lang='lat' dir='ltr'>eruce</span> <span class='ocrx_word' id='word_1_157' title='bbox 874 3280 941 3329; x_wconf 91' lang='lat' dir='ltr'>nos</span> <span class='ocrx_word' id='word_1_158' title='bbox 964 3255 1139 3329; x_wconf 87' lang='lat' dir='ltr'>redemit:</span> 
     </span>
     <span class='ocr_line' id='line_1_24' title="bbox 109 3369 1141 3467; baseline 0.002 -26"><span class='ocrx_word' id='word_1_159' title='bbox 109 3369 385 3443; x_wconf 84' lang='lat' dir='ltr'>couversionem</span> <span class='ocrx_word' id='word_1_160' title='bbox 411 3380 574 3440; x_wconf 88' lang='lat' dir='ltr'>nostram</span> <span class='ocrx_word' id='word_1_161' title='bbox 599 3381 771 3465; x_wconf 89' lang='lat' dir='ltr'>operatus</span> <span class='ocrx_word' id='word_1_162' title='bbox 798 3381 864 3461; x_wconf 93' lang='lat' dir='ltr'>est,</span> <span class='ocrx_word' id='word_1_163' title='bbox 891 3369 1026 3466; x_wconf 90' lang='lat' dir='ltr'>partim</span> <span class='ocrx_word' id='word_1_164' title='bbox 1051 3369 1141 3467; x_wconf 92' lang='lat' dir='ltr'>ipse,</span> 
     </span>
     <span class='ocr_line' id='line_1_25' title="bbox 111 3480 1142 3579; baseline 0.001 -24"><span class='ocrx_word' id='word_1_165' title='bbox 111 3482 198 3555; x_wconf 92' lang='lat' dir='ltr'>dum</span> <span class='ocrx_word' id='word_1_166' title='bbox 209 3495 287 3555; x_wconf 89' lang='lat' dir='ltr'>erat</span> <span class='ocrx_word' id='word_1_167' title='bbox 304 3483 342 3554; x_wconf 93' lang='lat' dir='ltr'>in</span> <span class='ocrx_word' id='word_1_168' title='bbox 358 3482 476 3569; x_wconf 85' lang='lat' dir='ltr'>terris,</span> <span class='ocrx_word' id='word_1_169' title='bbox 491 3480 679 3566; x_wconf 79' lang='lat' dir='ltr'>docend03</span> <span class='ocrx_word' id='word_1_170' title='bbox 706 3483 840 3579; x_wconf 88' lang='lat' dir='ltr'>partim</span> <span class='ocrx_word' id='word_1_171' title='bbox 858 3492 1031 3578; x_wconf 86' lang='lat' dir='ltr'>operatur</span> <span class='ocrx_word' id='word_1_172' title='bbox 1043 3506 1142 3556; x_wconf 87' lang='lat' dir='ltr'>nuno</span> 
     </span>
     <span class='ocr_line' id='line_1_26' title="bbox 109 3595 1142 3693; baseline 0 -25"><span class='ocrx_word' id='word_1_173' title='bbox 109 3619 225 3693; x_wconf 91' lang='lat' dir='ltr'>usque</span> <span class='ocrx_word' id='word_1_174' title='bbox 241 3619 306 3691; x_wconf 90' lang='lat' dir='ltr'>per</span> <span class='ocrx_word' id='word_1_175' title='bbox 323 3595 508 3668; x_wconf 89' lang='lat' dir='ltr'>ministros</span> <span class='ocrx_word' id='word_1_176' title='bbox 526 3618 620 3666; x_wconf 77' lang='lat' dir='ltr'>suos,</span> <span class='ocrx_word' id='word_1_177' title='bbox 673 3596 759 3667; x_wconf 89' lang='lat' dir='ltr'>Post</span> <span class='ocrx_word' id='word_1_178' title='bbox 775 3595 973 3668; x_wconf 87' lang='lat' dir='ltr'>adventum</span> <span class='ocrx_word' id='word_1_179' title='bbox 991 3597 1069 3692; x_wconf 89' lang='lat' dir='ltr'>ejus</span> <span class='ocrx_word' id='word_1_180' title='bbox 1085 3619 1142 3668; x_wconf 91' lang='lat' dir='ltr'>se-</span> 
     </span>
     <span class='ocr_line' id='line_1_27' title="bbox 110 3707 1141 3804; baseline -0.001 -22"><span class='ocrx_word' id='word_1_181' title='bbox 110 3708 271 3782; x_wconf 90' lang='lat' dir='ltr'>cundum</span> <span class='ocrx_word' id='word_1_182' title='bbox 297 3707 466 3802; x_wconf 85' lang='lat' dir='ltr'>regnabit</span> <span class='ocrx_word' id='word_1_183' title='bbox 500 3730 608 3802; x_wconf 86' lang='lat' dir='ltr'>super</span> <span class='ocrx_word' id='word_1_184' title='bbox 641 3707 776 3781; x_wconf 83' lang='lat' dir='ltr'>eiectos</span> <span class='ocrx_word' id='word_1_185' title='bbox 801 3732 897 3799; x_wconf 77' lang='lat' dir='ltr'>suen,</span> <span class='ocrx_word' id='word_1_186' title='bbox 925 3721 963 3782; x_wconf 90' lang='lat' dir='ltr'>et</span> <span class='ocrx_word' id='word_1_187' title='bbox 987 3731 1141 3804; x_wconf 86' lang='lat' dir='ltr'>regnum</span> 
     </span>
     <span class='ocr_line' id='line_1_28' title="bbox 110 3821 613 3918; baseline -0.006 -23"><span class='ocrx_word' id='word_1_188' title='bbox 110 3824 188 3918; x_wconf 90' lang='lat' dir='ltr'>ejus</span> <span class='ocrx_word' id='word_1_189' title='bbox 206 3821 352 3894; x_wconf 92' lang='lat' dir='ltr'>durabit</span> <span class='ocrx_word' id='word_1_190' title='bbox 368 3821 407 3892; x_wconf 92' lang='lat' dir='ltr'>in</span> <span class='ocrx_word' id='word_1_191' title='bbox 423 3830 613 3892; x_wconf 88' lang='lat' dir='ltr'>aeternum.</span> 
     </span>
    </p>

    <p class='ocr_par' dir='ltr' id='par_1_7' title="bbox 111 3930 1144 4369">
     <span class='ocr_line' id='line_1_29' title="bbox 161 3930 1142 4029; baseline 0 -23"><span class='ocrx_word' id='word_1_192' title='bbox 161 3934 221 4006; x_wconf 88' lang='lat' dir='ltr'>Ad</span> <span class='ocrx_word' id='word_1_193' title='bbox 247 3932 405 4027; x_wconf 79' lang='lat' dir='ltr'>officimn</span> <span class='ocrx_word' id='word_1_194' title='bbox 435 3930 687 4027; x_wconf 87' lang='lat' dir='ltr'>redemptoris,</span> <span class='ocrx_word' id='word_1_195' title='bbox 713 3930 752 4004; x_wconf 92' lang='lat' dir='ltr'>id</span> <span class='ocrx_word' id='word_1_196' title='bbox 778 3944 845 4022; x_wconf 91' lang='lat' dir='ltr'>est,</span> <span class='ocrx_word' id='word_1_197' title='bbox 871 3933 979 4022; x_wconf 89' lang='lat' dir='ltr'>illius,</span> <span class='ocrx_word' id='word_1_198' title='bbox 998 3934 1060 4029; x_wconf 89' lang='lat' dir='ltr'>qui</span> <span class='ocrx_word' id='word_1_199' title='bbox 1084 3956 1142 4006; x_wconf 91' lang='lat' dir='ltr'>re-</span> 
     </span>
     <span class='ocr_line' id='line_1_30' title="bbox 111 4044 1144 4143; baseline 0 -24"><span class='ocrx_word' id='word_1_200' title='bbox 111 4044 331 4143; x_wconf 88' lang='lat' dir='ltr'>demptionis</span> <span class='ocrx_word' id='word_1_201' title='bbox 365 4044 523 4141; x_wconf 90' lang='lat' dir='ltr'>pretium</span> <span class='ocrx_word' id='word_1_202' title='bbox 556 4044 675 4132; x_wconf 87' lang='lat' dir='ltr'>solvit,</span> <span class='ocrx_word' id='word_1_203' title='bbox 710 4044 899 4141; x_wconf 89' lang='lat' dir='ltr'>pertinuit,</span> <span class='ocrx_word' id='word_1_204' title='bbox 925 4056 967 4118; x_wconf 92' lang='lat' dir='ltr'>ut</span> <span class='ocrx_word' id='word_1_205' title='bbox 995 4046 1144 4119; x_wconf 88' lang='lat' dir='ltr'>victima</span> 
     </span>
     <span class='ocr_line' id='line_1_31' title="bbox 111 4156 1141 4255; baseline 0.001 -24"><span class='ocrx_word' id='word_1_206' title='bbox 111 4161 229 4247; x_wconf 90' lang='lat' dir='ltr'>fieret,</span> <span class='ocrx_word' id='word_1_207' title='bbox 257 4168 294 4229; x_wconf 87' lang='lat' dir='ltr'>et</span> <span class='ocrx_word' id='word_1_208' title='bbox 327 4156 539 4253; x_wconf 88' lang='lat' dir='ltr'>iniquitates</span> <span class='ocrx_word' id='word_1_209' title='bbox 573 4169 718 4231; x_wconf 88' lang='lat' dir='ltr'>nostras</span> <span class='ocrx_word' id='word_1_210' title='bbox 751 4157 865 4230; x_wconf 87' lang='lat' dir='ltr'>ferret</span> <span class='ocrx_word' id='word_1_211' title='bbox 898 4158 1141 4255; x_wconf 85' lang='lat' dir='ltr'>auferretque.</span> 
     </span>
     <span class='ocr_line' id='line_1_32' title="bbox 112 4269 1141 4369; baseline -0.002 -22"><span class='ocrx_word' id='word_1_212' title='bbox 112 4270 223 4348; x_wconf 78' lang='lat' dir='ltr'>Quod</span> <span class='ocrx_word' id='word_1_213' title='bbox 239 4282 364 4344; x_wconf 88' lang='lat' dir='ltr'>tamen</span> <span class='ocrx_word' id='word_1_214' title='bbox 376 4270 430 4344; x_wconf 86' lang='lat' dir='ltr'>ita</span> <span class='ocrx_word' id='word_1_215' title='bbox 447 4269 722 4367; x_wconf 86' lang='lat' dir='ltr'>intelligendum</span> <span class='ocrx_word' id='word_1_216' title='bbox 739 4282 807 4358; x_wconf 87' lang='lat' dir='ltr'>est,</span> <span class='ocrx_word' id='word_1_217' title='bbox 824 4295 899 4344; x_wconf 90' lang='lat' dir='ltr'>nou</span> <span class='ocrx_word' id='word_1_218' title='bbox 915 4282 957 4344; x_wconf 90' lang='lat' dir='ltr'>ut</span> <span class='ocrx_word' id='word_1_219' title='bbox 973 4294 1040 4368; x_wconf 93' lang='lat' dir='ltr'>pro</span> <span class='ocrx_word' id='word_1_220' title='bbox 1058 4295 1141 4369; x_wconf 86' lang='lat' dir='ltr'>peo-</span> 
     </span>
    </p>
   </div>
   <div class='ocr_carea' id='block_1_7' title="bbox 0 0 1479 4980">
    <p class='ocr_par' dir='ltr' id='par_1_8' title="bbox 0 0 1479 4980">
     <span class='ocr_line' id='line_1_33' title="bbox 0 0 1479 4980; baseline 0 0"><span class='ocrx_word' id='word_1_221' title='bbox 0 0 1479 4980; x_wconf 95' lang='lat' dir='ltr'> </span> 
     </span>
    </p>
   </div>
  </div>
 </body>
</html>
