2926 4980
291 426 294 431 ,
318 359 391 426 226
700 374 754 425 nn
774 373 982 427 crvrrarn.

106 566 302 617 caaxxvrn
318 550 383 612 aut
400 539 512 612 verbo
530 538 649 611 sciens
667 552 704 612 et
722 539 919 615 deliberate
936 565 1104 638 personae
1122 546 1282 621 civitatis
1296 571 1361 622 au·

134 651 276 767 W
318 652 532 725 thoritatem
566 653 778 748 negaverit;
815 677 1042 752 quaecunque
1075 682 1186 754 poena
1216 660 1361 734 crimini

133 775 266 832 armat*
317 765 414 838 laesae
432 766 633 860 majestatis
643 766 724 860 lege
737 766 952 862 praescripta
960 768 1212 866 fuerit,puniri
1222 784 1359 862 tamen,

318 903 402 952 cum
420 903 458 951 se
472 881 549 975 jam
559 879 702 951 hostem
714 880 873 954 civitatis
887 904 967 954 esse
981 882 1232 976 declaraverit,
1250 911 1361 983 poena

316 991 511 1065 arbitraria
524 994 608 1088 jure
625 1004 746 1088 potest
763 1004 940 1090 tanquam
954 996 1084 1070 hostis

367 1106 489 1178 Poenae
507 1105 641 1178 dioinoe
659 1118 745 1179 sunt
761 1106 820 1180 vel
832 1105 1009 1182 humana.
1045 1110 1100 1183 De
1111 1111 1182 1184 illis
1196 1113 1360 1189 dicemus

316 1218 387 1292 alio
401 1218 483 1292 loco
501 1221 617 1315 magis
632 1220 780 1316 proprio
798 1220 959 1294 inferius

366 1332 547 1405 Humana
571 1343 654 1405 sunt
680 1332 752 1406 illae
776 1358 908 1428 poeuae,
935 1359 1016 1430 quae
1040 1336 1264 1411 authoritate
1291 1337 1359 1413 hu·

315 1470 425 1520 mana
458 1447 700 1542 infliguntur;
746 1457 904 1545 suntque
939 1449 997 1522 vel
1032 1449 1264 1547 corporales,
1299 1452 1359 1524 vel

307 1561 558 1660 pecuniariae,
588 1561 646 1633 vel
676 1560 894 1658 ignominia,
926 1562 985 1634 vel
1010 1562 1276 1654 incarceratio,
1300 1566 1359 1638 vel

315 1675 480 1762 callium,
497 1674 555 1746 vel
572 1697 617 1746 ex
630 1673 687 1746 his
701 1672 826 1746 mixta.

365 1788 483 1860 Poena
502 1785 716 1884 corporolia
733 1797 799 1875 est,
812 1810 894 1881 quae
906 1786 1086 1883 infligitur
1096 1787 1133 1860 in
1148 1812 1280 1885 corpus
1291 1815 1358 1887 per

313 1901 541 1974 voluntatem
566 1900 789 1996 infligentis;
829 1899 952 1996 qualia
976 1911 1062 1973 sunt
1086 1902 1251 1991 verbera,
1277 1905 1357 1977 vul-

312 2038 414 2105 nera,
433 2027 471 2088 et
488 2039 614 2089 earum
631 2038 754 2087 rerum
771 2013 919 2103 ablatio,
933 2037 1015 2110 quae
1026 2015 1171 2111 corpori
1179 2016 1356 2112 jucundae

314 2128 522 2231 existentes
540 2129 642 2224 prius
659 2127 952 2225 possidebantur.

363 2243 528 2317 Quarum
555 2267 748 2339 poenarum
770 2242 852 2316 aliae
872 2241 1059 2337 capitoleo,
1088 2241 1169 2316 aliae
1196 2243 1356 2317 minores

312 2368 409 2428 sunt.
462 2356 647 2452 Capitalis,
665 2369 722 2430 est
739 2357 867 2429 mortis
893 2356 1060 2441 inflictio,
1080 2357 1157 2430 sive
1181 2358 1355 2453 simplicis

311 2469 387 2542 sive
406 2494 490 2542 cum
511 2471 688 2543 cruciatu.
739 2471 903 2544 Minores
930 2495 1050 2566 poenae
1077 2479 1163 2543 sunt
1189 2472 1353 2560 verbera,

310 2583 474 2670 vulnera,
500 2585 657 2673 vincula,
685 2584 874 2679 omnisque
908 2583 980 2655 alia
1005 2584 1168 2679 corporis
1194 2584 1353 2672 afflictio,

312 2721 393 2791 quae
416 2721 481 2769 sua
501 2710 635 2769 natura
660 2720 734 2769 non
759 2709 845 2768 sunt
871 2695 1044 2780 lethales;
1072 2697 1141 2769 etsi
1166 2697 1264 2769 enim
1288 2722 1355 2794 per

312 2809 481 2882 accidens
498 2808 645 2903 aliquod
664 2833 739 2881 non
756 2809 949 2904 praevisum
966 2833 1065 2882 mors
1079 2821 1264 2906 sequatur,
1278 2835 1353 2884 non

312 2923 455 2995 dicetur
471 2946 580 3016 poena
597 2922 774 3017 capitalis

361 3037 472 3109 Poena
493 3035 705 3130 pecuniaria
725 3049 780 3107 est
802 3035 936 3107 ablatio
956 3059 1030 3107 non
1057 3035 1174 3108 solum
1201 3060 1353 3111 summae

309 3149 463 3244 alicujus
482 3148 658 3244 pecuniae,
674 3148 738 3220 sed
751 3149 862 3221 etiam
873 3149 1120 3244 cujuscunque
1133 3149 1185 3221 rei
1195 3151 1353 3245 pecunia

310 3261 590 3339 commutabilis.
643 3261 753 3337 Quod
771 3262 801 3334 si
830 3261 889 3333 lex
906 3286 1054 3357 poenam
1072 3262 1223 3337 definiat
1239 3287 1352 3359 pecu-

309 3378 474 3466 niariam,
487 3401 530 3450 eo
541 3377 613 3447 fine
626 3389 668 3449 ut
681 3376 1041 3472 atransgressoribus
1052 3375 1144 3472 legis
1156 3377 1351 3472 pecuniam

310 3491 476 3573 auferat;
515 3512 635 3585 poena,
666 3489 813 3584 proprie
849 3488 1044 3582 loquendo,
1080 3512 1154 3561 non
1189 3502 1256 3580 est,
1286 3490 1352 3564 sed

309 3602 489 3702 privilegii
517 3602 592 3674 sive
620 3601 862 3697 exemptionis
889 3626 911 3673 a
940 3601 1021 3696 lege
1052 3603 1236 3696 pretium;
1264 3604 1352 3697 quia

308 3720 447 3792 factum
467 3716 587 3812 ipsum
614 3740 688 3788 non
713 3715 879 3788 absolute
904 3726 1005 3788 vetat
1027 3714 1086 3787 lex
1109 3715 1193 3789 talis
1211 3716 1351 3789 civibus

309 3831 489 3919 omnibus,
507 3828 571 3902 sed
596 3829 666 3901 illis
686 3838 832 3901 tantum
858 3829 920 3925 qui
940 3828 1134 3923 pecuniam
1161 3830 1350 3902 definitam

309 3968 383 4017 non
400 3955 555 4040 possunt
569 3942 721 4015 solvere.
750 3942 824 4015 Sed
836 3942 875 4014 in
887 3942 1029 4037 legibus
1047 3953 1191 4014 naturae
1209 3953 1245 4015 et
1258 3942 1349 4039 legi-

306 4059 375 4130 bus
389 4058 435 4130 de
452 4058 554 4130 cultu
568 4055 704 4143 divino,
721 4055 827 4128 aliter
843 4079 881 4128 se
899 4079 957 4128 res
975 4055 1096 4127 habet.
1148 4056 1245 4128 Nam
1263 4056 1292 4127 si
1310 4057 1349 4128 in

307 4195 381 4261 eos,
409 4171 471 4267 qui
497 4173 574 4243 sine
598 4193 708 4242 causa
726 4170 942 4264 juraverint,
959 4168 1097 4241 mulcta
1124 4180 1349 4241 statueretur

308 4283 531 4381 pecuniaria,
549 4282 706 4379 pecunia
721 4281 784 4355 illa
799 4306 867 4378 pro
885 4282 976 4377 legis
994 4281 1266 4377 dispensatione
1282 4282 1348 4356 ha-
