2926 4980
328 334 375 414 78
718 354 772 406 nn
792 354 974 417 somma.

140 557 218 607 opp,
234 554 284 608 χι,
325 520 551 594 diversorum
581 520 769 596 hominnm
801 521 963 597 diversas
990 522 1200 618 passiones;
1230 522 1365 618 partim

140 641 290 745 Μ
325 635 438 708 etiam
454 645 605 731 propter
622 634 867 709 differentiam
880 634 1105 731 opinionum,
1119 657 1210 731 quas
1226 636 1365 709 habent

113 786 116 791 ·
141 778 234 809 mm
326 748 461 821 diversi
480 747 647 822 homines
671 750 771 823 circa
792 772 932 839 causas,
953 772 979 823 a
1001 749 1133 846 quibus
1156 772 1215 822 res
1241 751 1366 846 cupita

324 862 374 935 sit
389 862 636 959 producenda

376 975 497 1050 Primo
510 1000 598 1073 ergo
612 976 693 1050 loco
710 998 821 1072 pono,
834 997 976 1048 morem
991 974 1154 1048 omnium
1171 974 1363 1048 hominum

323 1112 414 1179 esse,
443 1102 488 1162 nt
520 1101 700 1186 perpetuo
734 1101 845 1186 atque
878 1087 1128 1161 indesinenter
1160 1088 1363 1184 potentiam

324 1226 435 1275 unam
456 1213 542 1299 post
565 1202 675 1276 aliam
696 1224 926 1297 peromnem
943 1201 1056 1274 vitam
1073 1212 1362 1297 persequentum

323 1339 400 1389 non
426 1316 523 1411 quod
553 1317 633 1412 quis
658 1318 834 1412 maj0rem
861 1315 937 1388 sive
958 1315 1195 1388 intensiorem
1219 1339 1363 1411 semper

324 1441 456 1526 speret,
475 1454 586 1526 quam
604 1454 676 1525 qua
696 1432 774 1526 jam
796 1429 942 1517 frtritur,
960 1452 1080 1524 neque
1097 1427 1197 1523 quod
1217 1428 1364 1501 modica

323 1543 490 1639 potentia
511 1555 706 1617 contentus
728 1566 806 1615 esse
827 1566 902 1615 non
923 1542 1059 1637 possit;
1087 1540 1153 1613 sed
1175 1541 1272 1636 quod
1295 1565 1361 1636 po-

323 1656 478 1729 tentiam
501 1667 538 1728 et
557 1657 652 1730 bene
668 1655 815 1728 vivendi
837 1654 1030 1729 facultates
1053 1666 1251 1750 praesentes
1273 1678 1362 1727 con-

322 1792 467 1843 servare
487 1793 562 1842 non
587 1770 714 1864 possit,
732 1768 805 1841 nisi
829 1767 1053 1864 acquirendo
1069 1766 1186 1863 plura.
1238 1768 1361 1863 Atque

322 1882 408 1955 hinc
426 1893 492 1970 est,
511 1882 611 1978 quod
626 1906 744 1978 reges,
761 1906 917 1978 quorum
933 1880 1100 1977 potentia
1116 1892 1172 1954 est
1188 1882 1359 1972 maxima,

321 1995 370 2068 ad
383 2018 464 2068 eam
476 2006 558 2067 tum
569 1994 669 2068 domi
679 1994 833 2090 legibus,
843 2005 924 2067 tum
937 1993 1026 2067 foris
1038 1994 1150 2067 armis
1166 1994 1360 2067 tutandam

320 2130 361 2181 se
388 2120 617 2181 convertant.
668 2107 789 2181 Etiam
816 2107 963 2203 quando
989 2108 1061 2180 hoc
1087 2131 1233 2204 quoque
1259 2120 1359 2182 recte

320 2220 507 2307 successit,
523 2219 705 2318 cupiditas
726 2220 844 2293 oritur
864 2218 937 2293 alia
958 2243 1064 2309 nova,
1082 2231 1147 2293 aut
1166 2219 1273 2293 famae
1295 2232 1359 2293 aut

319 2334 548 2431 voluptatum
566 2356 756 2408 novarum.

371 2447 602 2537 Ilivitiarum,
612 2447 806 2535 honorum,
817 2444 971 2541 imperii,
982 2446 1041 2519 vel
1051 2446 1227 2542 potentiae
1237 2448 1357 2542 cujus-

318 2582 462 2656 ermque
487 2560 668 2656 cupiditas
694 2556 856 2655 disponit
876 2558 1064 2631 hominem
1085 2559 1132 2631 ad
1155 2560 1358 2633 contentio-

318 2697 415 2762 nem,
440 2671 661 2762 inimicitias,
692 2683 729 2744 et
757 2671 917 2752 bellum;
953 2673 1232 2767 competitorem
1259 2673 1357 2744 enim

317 2785 534 2875 interficere,
558 2786 718 2875 vincere,
746 2796 784 2858 et
809 2785 1137 2881 quomodocunque
1168 2785 1356 2881 repellere,

316 2900 549 2996 competitori
562 2901 668 2973 alteri
681 2901 726 2973 ab
739 2898 1274 2994 obtinendumquodcupitvia
1287 2912 1354 2974 est.

367 3013 501 3086 Laudis
528 3013 740 3108 competitio
766 3011 1040 3085 venerationem
1064 3012 1236 3107 producit
1260 3014 1355 3086 anti-

315 3126 479 3223 quitatis.
531 3125 628 3198 Nam
659 3127 722 3221 qui
755 3126 895 3215 vivunt,
927 3150 1011 3198 cum
1038 3126 1247 3198 viventibus
1276 3150 1352 3198 non

314 3262 399 3312 cnm
413 3239 567 3312 mortuis
581 3238 821 3326 contendunt,
835 3250 874 3311 et
889 3238 948 3311 his
965 3238 1046 3334 plus
1060 3241 1160 3334 justo
1173 3239 1352 3329 tribuunt,

314 3362 358 3425 ut
374 3352 420 3426 ab
438 3350 509 3423 illis
526 3350 685 3423 demant.

365 3463 554 3561 Cupiditas
578 3463 644 3537 otii
665 3473 703 3537 et
722 3462 922 3558 voluptatis
945 3460 1106 3558 disponit
1121 3463 1289 3537 homines
1306 3463 1355 3537 ad

314 3576 518 3674 parendum
539 3577 716 3673 potentiae
738 3575 847 3648 alicui
864 3576 1072 3659 communi;
1099 3577 1355 3673 quiapropter

313 3689 535 3787 cupiditates
560 3688 653 3777 illae,
676 3688 844 3761 homines
869 3688 1085 3784 potentiam,
1108 3712 1220 3784 quam
1243 3714 1266 3762 a
1288 3712 1354 3763 sua

313 3804 477 3899 ipsorum
503 3802 683 3875 industria
709 3825 856 3898 sperare
879 3813 1063 3898 poterant,
1082 3802 1351 3899 derelinquunt.

314 3915 438 3988 Metus
467 3915 596 3987 mortis
626 3913 796 3987 violentae
827 3923 865 3985 et
892 3913 1085 3987 vulnerum
1115 3915 1276 4010 disponit
1305 3916 1353 3988 ad

312 4026 421 4117 idem,
436 4039 473 4100 et
490 4038 642 4123 propter
658 4049 806 4099 causam
823 4025 988 4098 eandem.
1042 4027 1220 4101 Homines
1235 4028 1351 4124 indigi

312 4139 494 4235 iidemque
504 4143 629 4228 fortes,
644 4163 713 4212 nec
726 4149 826 4212 sorte
844 4162 910 4211 sua
922 4141 1100 4228 contenti,
1113 4142 1225 4214 etiam
1235 4141 1350 4213 hono-

311 4253 361 4325 ris
378 4253 547 4326 militaris
563 4251 759 4340 ambitiosi,
773 4250 1017 4347 disponuntur
1034 4254 1082 4327 nd
1097 4255 1193 4329 bella
1206 4264 1243 4327 et
1256 4252 1350 4325 sedi-
