2926 4980
344 359 411 426 196
713 376 766 427 ne
787 376 992 430 crvrraru.

139 573 215 622 car.
230 573 313 622 xxv.
340 550 531 638 quaereret,
548 543 753 637 praesertim
779 543 810 615 si
835 543 874 615 in
899 553 998 616 coetu
1022 567 1100 617 esse
1123 543 1290 617 crederet
1312 543 1376 638 qui

155 656 298 756 Μ,
339 655 408 751 ipsi
426 654 561 726 malum
580 665 761 750 optarent.
822 657 900 729 Etsi
919 682 1007 754 ergo
1033 658 1233 730 multorum
1257 654 1375 729 eonsi-

339 768 430 840 lium
447 768 599 840 eonsilio
617 793 818 864 paucorum
835 771 1114 843 anteferendum
1131 771 1189 861 sit,
1214 780 1302 842 tunc
1320 780 1376 842 ta-

339 904 424 952 men
442 892 586 953 tantum
600 881 877 955 anteferendum
891 894 957 972 est,
973 884 1119 979 quando
1134 883 1286 957 consilia
1303 883 1376 954 sin-

340 994 418 1090 guli
445 1018 511 1066 sua
539 994 688 1066 seorsim
719 995 914 1090 explicant.
982 995 1026 1069 In
1055 995 1377 1069 deliberationibus

340 1107 438 1180 enim
469 1106 584 1178 simile
616 1105 754 1202 aliquid
781 1108 887 1180 video
919 1110 997 1204 ejus
1026 1110 1125 1204 quod
1151 1110 1194 1181 fit
1219 1109 1258 1180 in
1288 1107 1376 1180 ludo

340 1219 447 1316 pilae;
466 1219 529 1291 ubi
542 1219 679 1314 optime
690 1220 790 1309 facit,
809 1222 871 1316 qui
889 1222 1057 1294 secundis
1074 1223 1192 1294 utitur
1208 1221 1376 1316 proprias

341 1333 559 1405 habentibus
591 1334 789 1417 stationes;
817 1334 960 1423 deinde,
988 1337 1049 1431 qui
1077 1336 1236 1432 propriae
1264 1336 1377 1408 confi-

341 1445 432 1519 dens
449 1446 602 1541 peritiae,
620 1446 716 1519 solus
734 1447 811 1519 sine
824 1447 992 1521 secundis
1008 1447 1113 1521 ludit.
1167 1448 1240 1521 Sed
1256 1448 1302 1537 ia,
1315 1446 1377 1542 qui

341 1559 379 1631 in
397 1560 505 1631 rebus
521 1559 678 1654 propriis
695 1560 846 1654 agendis
863 1585 886 1632 a
901 1560 1059 1633 formato
1086 1561 1377 1634 consiliariorum

342 1685 441 1744 coetu
466 1671 732 1760 circumfertur,
756 1673 818 1745 ubi
834 1685 957 1769 partes
976 1673 1231 1746 dissentientes
1247 1685 1377 1745 mutuo

341 1807 380 1856 se
398 1781 614 1877 impediunt,
626 1784 781 1878 pessime
799 1785 962 1858 omnium
979 1784 1092 1869 faeit3
1111 1785 1310 1881 similisque
1323 1796 1379 1857 est

341 1895 465 1982 lusori,
484 1895 600 1988 quiin
619 1896 787 1969 machina
794 1897 926 1993 ,aliqua
936 1897 1066 1970 rotulis
1076 1898 1259 1995 imposita,
1273 1898 1379 1994 gravi

343 2008 489 2104 quidem
508 2008 598 2103 ipsa,
612 2009 772 2080 tardiore
789 2021 912 2082 autem
928 2024 1080 2106 propter
1089 2011 1229 2107 judicia
1239 2035 1378 2099 eorum,

344 2121 409 2217 qui
426 2120 525 2192 illam
535 2120 608 2193 huc
620 2131 657 2193 et
668 2121 754 2194 illuc
766 2134 926 2211 movent,
939 2123 1194 2220 discrepantia,
1208 2124 1256 2198 ad
1266 2125 1379 2221 pilam

344 2235 570 2307 admovetur.

765 2463 962 2492 ==

703 2624 862 2699 CAPUT
880 2627 1017 2699 XXVI.

672 2805 718 2854 DE
733 2801 877 2850 LEGIBUS
888 2801 1071 2850 ClVlLlBUS.

347 2924 472 2995 S1cur
491 2922 596 3022 leges
613 2932 760 2995 naturae
783 2919 854 2990 illae
881 2928 977 3005 sunt,
1002 2918 1132 3013 quibus
1158 2916 1305 2989 obedire
1329 2928 1380 2988 te-

347 3060 477 3108 nemur
489 3050 670 3133 quatenus
682 3032 849 3132 homines
864 3063 873 3114 ;
892 3030 944 3102 ita
955 3029 1060 3127 leges
1073 3028 1202 3102 civiles
1216 3052 1270 3101 eae
1283 3037 1378 3117 sunt,

349 3150 480 3244 quibus
500 3161 668 3222 tenemur
686 3143 834 3218 obedire
857 3155 1036 3239 quatenus
1063 3141 1170 3214 cives.
1222 3142 1277 3213 De
1301 3142 1380 3237 qui-

347 3264 427 3351 buS,
441 3287 517 3335 non
536 3285 705 3357 quaenam
728 3258 799 3331 illae
817 3258 891 3329 sint
914 3257 952 3327 in
974 3256 1043 3328 hac
1066 3255 1124 3327 vel
1141 3254 1204 3327 illa
1221 3255 1380 3344 civitate,

348 3377 412 3450 sed
429 3377 488 3448 lex
503 3377 618 3449 civilis
629 3373 718 3471 quid
735 3372 782 3444 sit
800 3368 1105 3443 considerandum
1121 3381 1188 3441 est.
1242 3369 1326 3441 Scio
1343 3367 1381 3439 in

348 3490 570 3575 civitatibus,
601 3512 682 3583 quae
717 3484 857 3557 civitati
890 3482 1065 3554 Romanae
1099 3481 1254 3553 subditae
1296 3480 1382 3553 olim

349 3616 465 3690 erant,
477 3603 576 3697 leges
590 3601 713 3674 civiles
726 3598 941 3694 plerumque
955 3594 1027 3667 dici
1038 3595 1195 3667 civitatis
1207 3595 1382 3666 Romanae

349 3716 447 3811 leges
473 3715 651 3811 antiquas.
704 3713 759 3785 De
782 3710 854 3782 illis
880 3708 1065 3802 disputare
1091 3706 1198 3801 hujus
1224 3706 1381 3779 instituti

350 3854 424 3902 non
455 3840 522 3917 est,
557 3827 621 3901 sed
663 3824 777 3921 (quod
810 3823 976 3895 feceruut
1009 3820 1125 3907 Plato,
1152 3818 1381 3906 Aristoteles,

349 3943 491 4026 Cicero,
510 3941 642 4037 aliique
655 3938 772 4024 multi,
792 3938 854 4031 qui
867 3934 959 4031 juris
976 3934 1145 4030 peritiam
1159 3947 1282 4007 tamen
1299 3957 1384 4030 pro-

348 4056 432 4127 fessi
449 4079 524 4127 non
541 4054 643 4146 sunt)
663 4050 882 4148 generaliter
900 4048 946 4120 de
963 4047 1055 4142 lege.

400 4168 637 4240 Manifestum
648 4179 770 4238 autem
785 4174 841 4235 est
857 4162 976 4257 legem
993 4159 1184 4233 consilium
1200 4183 1276 4231 non
1292 4180 1384 4244 esse,

350 4281 415 4353 sed
429 4281 667 4376 imperatum;
695 4275 805 4374 quod,
819 4285 861 4347 ut
877 4275 915 4346 in
932 4268 1162 4371 praecedente
1180 4271 1298 4367 capite
1309 4270 1385 4343 dic·

352 4406 430 4467 tum
445 4406 512 4483 est,
524 4419 547 4466 a
562 4392 715 4466 oonsilio
733 4390 864 4462 differt.
