2926 4980
307 356 381 425 aru
541 367 761 420 arcannm
779 367 835 419 an
854 366 1110 419 uuvruruau.

130 570 207 617 car.
223 568 259 615 u.
356 534 405 607 Β.
445 532 556 605 Secta
589 546 646 607 est
680 557 855 606 numerus
888 533 1080 606 hominum
1113 532 1373 629 sequentium

122 656 155 757 'm
169 652 262 755 JJ
304 670 419 721 unum
445 645 675 742 eundemque
706 647 744 719 in
780 646 944 719 scientiis
974 646 1211 743 magistrum,
1249 669 1372 742 quem

303 784 371 858 pro
399 783 466 832 suo
490 760 642 833 arbitrio
661 760 730 833 sihi
748 760 943 856 eligerunt.
997 760 1050 832 Ut
1066 771 1195 832 autem
1210 770 1327 832 secta
1344 783 1369 832 a

304 874 504 970 sequendo,
522 874 574 946 ita
594 874 744 948 haeresis
770 874 817 946 ab
844 873 1013 970 eligendo
1040 872 1189 946 dicitur.
1249 873 1369 946 Luci-

304 1011 396 1061 anus
413 988 548 1061 librum
566 1012 672 1060 suum
691 988 737 1060 de
754 987 930 1083 magistro
948 985 1130 1083 eligendo,
1144 986 1265 1060 homo
1281 986 1367 1084 qui-

305 1101 389 1174 dem
405 1101 650 1196 blasphemus,
669 1099 734 1173 sed
750 1101 869 1172 bonus
887 1100 1021 1172 author
1041 1097 1179 1194 linguae
1197 1100 1364 1189 Graecae,

304 1216 450 1311 Scripsit
466 1246 533 1309 περι
551 1216 708 1308 depictum.

356 1329 403 1401 A.
432 1328 552 1401 Sectae
571 1350 741 1422 quaenam
759 1337 877 1414 erant,
895 1336 934 1398 et
951 1348 1107 1420 quorum
1124 1325 1359 1400 hominum?

354 1441 402 1512 B.
431 1439 759 1535 Philosophorum
795 1439 970 1512 nimirum
1002 1438 1179 1524 Platonis,
1204 1440 1358 1514 Aristo-

304 1554 398 1642 telis,
412 1553 582 1642 zenonis,
596 1553 757 1648 Epicuri,
776 1564 813 1625 et
830 1552 996 1626 aliorum.
1048 1551 1358 1627 Nominabantur

304 1679 427 1739 autem
454 1666 678 1756 Academici,
707 1666 955 1762 Peripatetici,
992 1666 1119 1755 Stoici,
1147 1667 1354 1763 Epicurei;

304 1804 386 1876 quae
404 1792 514 1853 sectae
533 1794 640 1853 erant
650 1780 871 1876 principales
884 1779 1189 1875 philosophorum
1200 1780 1355 1855 Graeco-

304 1917 399 1983 rum,
416 1893 476 1966 vel
503 1918 630 1966 eorum
657 1894 721 1989 qui
739 1917 777 1965 se
795 1892 1032 1989 philosophos
1050 1890 1166 1964 videri
1184 1894 1355 1988 postula-

302 2007 405 2079 bant.
471 2006 551 2079 Etsi
584 2006 682 2078 enim
713 2006 975 2079 haeresiarchas
1004 2005 1113 2100 ipsos,
1140 2005 1353 2097 Platonem,

303 2121 552 2210 Aristotelem,
571 2122 769 2209 Zenonem,
783 2119 994 2216 Epicurum,
1012 2143 1080 2214 pro
1098 2130 1210 2214 captu
1231 2122 1355 2195 ethni·

303 2258 431 2307 corum
443 2259 530 2307 vere
546 2234 784 2330 philosophos
800 2233 911 2305 fuisse
928 2244 1031 2328 puto,
1045 2232 1083 2305 id
1100 2243 1168 2321 est,
1179 2234 1353 2308 veritatis

302 2358 339 2419 ct
356 2348 503 2420 virtutis
521 2347 717 2435 studiosos,
737 2357 775 2418 et
802 2360 953 2442 propter
980 2370 1061 2418 eam
1087 2368 1166 2418 rem
1194 2349 1355 2422 nomina

303 2484 429 2532 eorum
447 2460 525 2533 lere
551 2484 617 2555 per
643 2471 764 2533 totum
782 2460 909 2532 orbem
927 2459 1114 2554 sapientiae
1131 2458 1255 2554 gloria
1274 2486 1352 2535 me-

302 2573 373 2645 rito
391 2574 578 2657 floruisse;
606 2586 805 2647 sectatores
822 2585 943 2646 tamen
964 2597 1090 2645 eorum
1106 2573 1354 2671 philosophos

303 2685 479 2758 dicendos
511 2711 590 2759 esse
619 2712 693 2759 non
725 2698 837 2783 puto;
878 2687 939 2781 qui
970 2699 1215 2781 praeterquam
1247 2688 1354 2783 quod

303 2800 440 2871 scirent
468 2825 635 2896 quaenam
654 2801 792 2873 fuerint
817 2800 1077 2896 magistrorum
1094 2824 1248 2872 suorum
1266 2825 1354 2873 sen-

302 2914 440 3000 tentiae,
459 2914 551 2986 nihil
576 2915 843 3010 intelligebant.
896 2914 1080 3010 Principia
1096 2913 1194 2985 enim
1224 2927 1266 2987 et
1294 2939 1355 2988 ra·

302 3026 571 3115 tiocinatioues,
586 3028 718 3122 quibus
738 3052 864 3099 eorum
884 3027 1057 3123 dogmata
1077 3028 1352 3118 innitebantur,

301 3139 537 3221 nesciebaut3
564 3163 683 3234 neque
702 3141 897 3236 quicquam
925 3141 972 3213 ad
1002 3141 1243 3236 philosophiae
1269 3166 1355 3238 spe·

300 3253 395 3323 ciem
424 3252 462 3322 iu
490 3253 566 3323 vita
588 3252 807 3342 habueruut,
824 3267 1072 3350 praeterquam
1097 3254 1197 3350 quod
1220 3256 1353 3331 tristes

300 3365 527 3454 incederent,
541 3367 694 3438 barbam
707 3369 978 3462 promitterent,
991 3378 1028 3440 et
1045 3368 1196 3463 pallium
1214 3368 1353 3442 tritum

301 3479 562 3561 amicirentur3
600 3479 766 3552 homiues
795 3481 931 3576 alioqui
957 3483 1069 3569 avari,
1087 3480 1256 3570 fastuosi,
1276 3482 1353 3555 ira-

301 3592 424 3680 cundi,
443 3603 479 3663 et
498 3616 621 3663 amore
639 3593 737 3665 civili
755 3594 876 3666 alieni.

350 3705 398 3775 A.
427 3704 576 3776 Nihilne
594 3704 641 3776 ad
669 3705 919 3779 definitionem
944 3708 1125 3779 haereseos
1156 3707 1352 3801 pertinent

299 3842 420 3904 voceS,
445 3842 534 3912 quas
552 3819 719 3906 omisisti,
745 3820 888 3891 ceritas
907 3832 944 3892 et
962 3843 1097 3902 errem
1124 3843 1282 3914 quorum
1297 3824 1352 3895 al-

300 3944 357 4002 ter
375 3931 475 4002 omni
494 3931 658 4027 dogmati
676 3933 840 4005 adhaeret
858 3934 1091 4006 necessario?

349 4044 398 4116 B.
427 4044 529 4116 Nihil
558 4046 729 4127 omnin0;
756 4047 905 4119 haeresis
931 4047 1028 4119 euim
1055 4048 1170 4120 solam
1188 4045 1350 4122 denotat

300 4159 522 4230 sententiam
548 4159 781 4244 declaratam,
800 4161 875 4233 sive
894 4186 981 4234 vera
997 4185 1041 4234 ea
1058 4163 1116 4248 sit,
1133 4161 1210 4232 sive
1228 4159 1347 4247 falsa3

300 4269 374 4341 sive
389 4272 507 4364 juxta,
522 4273 598 4344 sive
616 4285 745 4345 contra
762 4273 891 4370 legem.
