2926 4980
306 371 378 439 392
549 386 603 438 nc
623 385 819 439 crvrruru
838 386 1105 441 cuursrmuu.

101 586 179 636 epp,
196 586 283 640 xm,
301 551 438 650 plenos
457 551 608 649 Spiritu
620 554 761 625 Sancto
779 562 817 625 et
833 554 1038 651 cupientia,
1049 578 1143 652 quos
1160 553 1252 629 huic
1271 556 1358 631 usui

115 669 266 783 „WB
302 664 566 761 preficiuruuu.
620 665 729 739 Unde
747 667 980 740 manifestum
998 678 1066 756 est,
1085 667 1154 739 etsi
1171 667 1357 745 declarati

115 790 269 836 niumm
305 789 428 851 essent
444 779 491 850 ab
512 779 697 875 apostolis,
712 793 829 852 coetus
847 793 971 853 tamen
988 779 1069 853 illos
1082 780 1196 878 elegit
1210 813 1222 868 ;
1249 785 1355 881 quod

304 892 415 965 etiam
439 891 667 966 manifestius
691 895 734 967 fit
756 894 863 983 (vers.
884 896 933 987 5),
951 894 1015 966 nbi
1033 893 1179 985 dicitur,
1192 897 1353 994 placuit

302 1016 426 1076 uutrut
445 1005 506 1079 tric
522 1031 643 1078 sermo
661 1007 733 1078 toti
751 1007 932 1101 prasenti
956 1005 1201 1097 multitudini,
1216 1021 1256 1082 et
1274 1010 1353 1083 eie-

299 1129 440 1214 geruut
459 1119 699 1216 Stephanum,
722 1119 839 1190 cirum
859 1118 1013 1216 plenum
1027 1120 1115 1213 fide
1131 1145 1179 1193 uc
1192 1123 1353 1221 Spiritu

303 1233 456 1321 Structo,
474 1242 512 1303 ct
531 1231 762 1330 Philippum,
779 1242 850 1305 etc.

351 1344 548 1417 Videamus
565 1345 733 1441 proximo
747 1346 840 1436 loco,
856 1346 1073 1421 ecclesiatici
1085 1347 1185 1423 uude
1197 1349 1351 1425 aleban-

301 1471 374 1532 tur.
419 1460 496 1531 Sub
521 1459 757 1532 Testamento
775 1459 900 1532 Veteri
918 1460 1115 1535 sacerdotii
1133 1486 1349 1537 munerum·

301 1595 372 1667 que
390 1573 546 1645 aliorum
563 1574 601 1646 in
620 1573 773 1646 ecclesia
790 1598 905 1668 capax
919 1586 999 1646 erat
1010 1574 1087 1648 sola
1104 1576 1224 1648 tribus
1243 1576 1347 1649 Levi.

299 1685 416 1757 Terra
444 1685 627 1758 Promissa
653 1685 750 1758 inter
775 1698 927 1758 caeteras
945 1687 1075 1775 tribus,
1101 1687 1268 1761 Levitica
1284 1712 1349 1761 ex-

301 1797 413 1885 clusa,
442 1799 559 1872 divisa
588 1810 676 1871 erat.
741 1798 834 1872 Quae
862 1799 980 1871 tribus
1007 1799 1200 1873 duodecim
1217 1813 1348 1876 tamen

301 1926 417 2001 erant,
437 1912 553 1984 divisa
582 1912 722 1985 scilicet
743 1911 843 1984 tribu
869 1911 1006 2008 Joseph
1034 1912 1073 1985 in
1101 1913 1192 1986 duas
1222 1915 1346 1989 tribus

300 2026 475 2121 Ephraim
493 2036 532 2098 et
546 2027 764 2109 Manassen3
792 2024 884 2097 adeo
904 2037 944 2098 ut
961 2026 1077 2098 tribus
1097 2026 1185 2099 Levi
1203 2027 1347 2102 nullam

299 2142 397 2215 inter
413 2141 546 2214 fratres
564 2154 702 2214 sortem
726 2140 932 2229 habuerint,
957 2154 1217 2238 praeterquam,
1237 2144 1346 2218 habi-

298 2257 401 2329 tandi
420 2281 541 2345 causa,
561 2257 738 2353 quasdam
763 2257 872 2328 urbes
898 2280 982 2328 cum
1000 2258 1183 2331 suburbiis
1202 2282 1345 2335 earum.

299 2372 443 2444 Sortem
461 2371 574 2466 igitur
592 2370 729 2443 Levitis
748 2369 851 2441 dedit
877 2370 977 2442 Deus
994 2369 1105 2456 illam,
1124 2395 1205 2466 quae
1225 2372 1344 2469 ipsius

299 2484 369 2557 Dei
384 2496 476 2572 erat,
488 2508 622 2579 nempe
637 2496 678 2556 ut
688 2483 869 2555 haberent
879 2483 1066 2556 fructuum
1082 2485 1245 2556 omnium
1259 2511 1345 2582 par·

297 2611 373 2671 tem
391 2597 585 2669 decimam.
625 2598 778 2699 Rursus
797 2595 1047 2669 sacerdotibus
1066 2598 1104 2670 iu
1125 2598 1343 2673 alimentum

297 2716 485 2810 assignata
503 2728 560 2786 est
578 2714 674 2786 illius
693 2714 844 2785 decimae
864 2713 1017 2801 decima,
1037 2738 1211 2787 unacum
1238 2716 1343 2790 obla-

298 2830 459 2902 tionibus
478 2841 516 2900 et
534 2828 733 2899 sacrificiis.
787 2827 939 2899 Dixerat
957 2828 1054 2899 enim
1073 2828 1172 2900 Deus
1198 2830 1343 2905 Antoni

300 2942 428 3031 (Num.
444 2942 542 3014 xviii.
556 2943 620 3032 20)
640 2969 648 3011 ι
669 2940 715 3012 Iu
733 2950 841 3011 terra
860 2965 984 3012 eorum
996 2942 1255 3015 haereditatem
1269 2970 1342 3017 uon

297 3053 462 3143 habebis,
488 3078 605 3149 neque
629 3063 766 3124 sortem
792 3052 891 3125 iuter
915 3053 1027 3137 ittam
1060 3080 1131 3154 ego
1152 3081 1231 3127 uum
1255 3082 1342 3130 cors·

297 3177 374 3256 tua,
401 3179 439 3239 ct
466 3167 672 3239 hoererlitus
700 3176 778 3255 tiro,
806 3166 842 3237 iu
862 3167 966 3260 filiis
995 3168 1169 3241 Israelis,
1238 3170 1339 3244 Deus

296 3281 406 3368 euim,
438 3306 522 3352 cum
557 3281 594 3352 in
624 3280 705 3352 illos
736 3293 908 3374 regnaret
934 3294 971 3353 et
1004 3284 1139 3354 tribum
1171 3284 1260 3355 Levi
1291 3286 1339 3358 ad

296 3394 500 3466 ministeria
526 3392 674 3488 publica
704 3392 887 3488 elegisset,
919 3396 1099 3467 concessit
1116 3395 1187 3468 illis
1212 3397 1250 3468 in
1275 3399 1341 3470 ali·

295 3519 461 3578 mentum
478 3518 697 3602 proventum
715 3506 903 3601 publicum
923 3531 1031 3602 quem
1050 3508 1118 3580 sibi
1136 3509 1206 3604 ipsi
1224 3534 1341 3584 reser-

296 3633 456 3707 vaverat,
486 3644 619 3714 nempe
648 3620 808 3692 decimas
826 3632 864 3693 et
881 3621 1097 3710 oblationes,
1118 3647 1209 3718 quas
1227 3625 1340 3719 signi·-

295 3733 419 3805 ficavit
437 3732 605 3817 dicendo,
621 3756 691 3827 ego
705 3756 783 3803 sum
798 3756 883 3803 sora
898 3743 963 3804 tuo
982 3744 1019 3806 et
1033 3733 1242 3807 decredituu
1259 3747 1338 3810 tua.

296 3846 433 3919 Levitis
460 3845 572 3939 igitur
598 3867 673 3914 uon
699 3845 897 3939 improprie
915 3848 1185 3920 attribuebatur
1202 3873 1339 3924 nomen

296 3959 403 4047 cleri,
422 3958 521 4054 quod
549 3956 730 4050 significat
747 3969 881 4029 sortem
901 3970 939 4029 et
956 3957 1234 4033 haereditatem:
1262 3987 1339 4036 non

296 4083 420 4143 tamen
435 4085 476 4143 ut
494 4081 616 4142 essent
626 4069 731 4163 regni
746 4069 904 4142 coelestis
924 4071 1086 4144 haeredes
1100 4098 1177 4169 prae
1195 4076 1339 4149 caeteris

295 4185 493 4266 Israelitis;
520 4182 584 4255 sed
603 4181 701 4277 quod
721 4182 766 4254 de
793 4183 1009 4256 haereditate
1038 4187 1107 4259 Dei
1133 4189 1337 4262 alebantur.

296 4298 477 4372 Quoniam
508 4320 596 4390 ergo
628 4321 671 4369 eo
697 4306 862 4391 tempore
889 4320 954 4370 rex
981 4322 1110 4373 eorum
1127 4313 1206 4374 erat
1226 4303 1337 4393 DeuS,
