2926 4980
519 329 574 381 nn
594 329 777 381 nournn.
1120 306 1167 386 77

117 498 411 573 ministrandum
425 509 513 571 sunt
525 496 758 579 necessariae;
776 495 864 569 item
876 493 1008 591 dignus
1022 493 1171 582 divitiis,
1218 528 1295 577 cip,
1307 528 1318 576 1

122 615 193 710 qui
211 613 278 685 scit
294 611 366 685 illis
382 612 478 685 bene
495 610 563 685 uti.
1184 609 1318 729 ΒΜ

178 725 321 821 Dignus
339 724 452 797 etiam
471 722 607 796 dicitur
623 722 877 818 unusquisque
895 721 973 816 ejus
990 720 1044 793 rei
1063 742 1172 814 quam
1183 736 1318 788 nitatenth«

126 852 299 912 meretur.
351 837 532 910 Meritum
553 847 677 908 autem
701 834 860 930 dignitas
877 857 1064 929 nunquam
1082 832 1173 904 dici-

128 963 213 1036 tur;
239 973 324 1024 nam
341 949 625 1045 distinguuntur
644 972 687 1020 co
702 947 802 1044 quod
819 947 990 1020 meritum
1006 970 1171 1042 praesup·

130 1064 234 1161 ponit
252 1065 313 1159 jus
337 1086 383 1136 ex
408 1061 615 1159 promisso;
643 1060 804 1157 dignitas
825 1083 901 1133 non
923 1058 1174 1156 praesupponit

128 1201 202 1272 Jus.

563 1442 758 1461 —

528 1640 692 1714 CAPUT
717 1641 786 1714 XI.

439 1840 488 1890 DE
507 1840 709 1890 vnmsraru
729 1841 873 1890 MORUM.

133 1971 217 2044 Ρη
234 1992 355 2042 morea
373 1967 541 2065 intelligo
559 1968 628 2041 hoc
645 1968 740 2058 loco,
757 1992 832 2042 non
850 1967 1078 2058 comedendi,
1096 1992 1176 2042 ves-

133 2081 261 2171 tiendi,
280 2081 467 2154 salutandi
489 2081 594 2171 ritus,
613 2081 756 2177 aliaque
778 2083 931 2155 moralia
952 2106 1076 2178 parva,
1095 2107 1177 2179 quae

136 2195 319 2269 docentur
327 2195 451 2291 pueri;
478 2195 543 2268 sed
557 2197 709 2269 humani
720 2196 865 2291 generis
879 2196 1073 2292 qualitates
1085 2195 1177 2283 illac,

139 2308 270 2405 quibus
294 2331 365 2403 pax
392 2319 631 2382 conservatur
656 2320 695 2381 et
718 2309 877 2382 civitatis
903 2319 1022 2384 status
1046 2310 1179 2381 confir-

143 2433 275 2495 matur.

192 2535 390 2610 Sciendum
413 2547 538 2609 autem
559 2548 615 2610 est
636 2536 722 2609 vitae
749 2537 938 2632 praesentis
968 2534 1182 2607 felicitatem

143 2673 217 2722 non
239 2648 440 2722 consistere
465 2649 504 2721 in
529 2648 794 2744 tranquillitate
815 2649 891 2722 sive
915 2648 1038 2744 requie
1056 2646 1180 2719 animi.

143 2761 247 2834 Finis
271 2761 371 2834 enim
398 2759 549 2833 ultimus
571 2774 610 2834 et
632 2786 804 2834 summum
827 2761 965 2850 bonum,
983 2759 1029 2832 de
1051 2759 1182 2855 quibus

143 2875 343 2970 loquuntur
369 2873 483 2946 ethici
509 2886 663 2963 veteres,
690 2874 813 2947 locum
838 2874 876 2947 in
901 2885 1082 2970 praesente
1107 2871 1184 2944 vita

143 2987 283 3060 nullum
296 2986 445 3058 habent.
477 2986 606 3081 Neque
616 2986 658 3074 ie,
669 2987 773 3081 cujus
783 2986 1002 3083 cupiditates
1013 2986 1061 3059 ad
1072 2987 1184 3058 finem

142 3110 402 3197 pervenerunt,
428 3098 548 3170 vivere
579 3108 712 3193 potest,
738 3099 856 3194 magis
884 3122 994 3193 quam
1020 3099 1052 3171 is
1081 3100 1184 3195 cujus

145 3238 273 3287 sensus
286 3223 324 3285 et
335 3212 511 3285 memoria
526 3211 726 3307 perierunt.
771 3211 954 3284 Felicitas
971 3234 1186 3308 progressus

144 3336 343 3423 perpetuus
373 3337 428 3397 est
459 3326 504 3397 ab
535 3348 610 3396 una
637 3324 838 3421 cupiditate
868 3325 916 3398 ad
942 3326 1118 3407 alteram3
1150 3333 1187 3395 et

147 3438 294 3535 adeptio
310 3437 443 3534 prioris
457 3437 572 3532 cupiti
588 3436 637 3509 ad
653 3437 888 3533 adeptionem
901 3437 1115 3534 posterioris
1128 3437 1189 3508 via

148 3565 213 3626 est.
256 3551 378 3624 Causa
389 3550 497 3646 hujus
511 3549 566 3623 rei
580 3561 647 3638 est,
662 3550 761 3646 quod
774 3551 960 3645 objectum
978 3549 1189 3646 cupiditatis

147 3666 318 3738 humanae
332 3685 408 3734 non
422 3672 478 3735 est
491 3674 534 3734 ut
547 3685 590 3734 eo
608 3662 721 3735 semel
735 3673 771 3734 et
782 3663 887 3757 quasi
903 3662 952 3736 ad
964 3675 1190 3736 momentum

150 3776 324 3873 temporis
351 3773 496 3847 fruatur
525 3775 648 3864 homo,
681 3775 746 3848 sed
773 3788 816 3847 ut
846 3776 1059 3849 fruitionem
1088 3800 1190 3848 suam

151 3913 315 3964 securam
328 3887 545 3960 infuturum
558 3888 701 3962 reddat.
745 3889 875 3985 Itaque
889 3890 1053 3962 actiones
1064 3888 1191 3961 volun-

152 4002 257 4075 tariae
277 4024 352 4072 non
376 4001 494 4072 solum
511 4024 553 4073 eo
572 4001 741 4089 tendunt,
759 4011 801 4072 ut
823 4001 962 4073 bonum
978 4010 1191 4097 procurent,

152 4113 342 4187 sedetiam
354 4124 396 4186 ut
408 4127 549 4186 certum
564 4115 633 4187 sibi
645 4114 683 4186 in
697 4125 916 4211 perpetuum
932 4114 1081 4187 faciant.
1119 4112 1193 4186 Sed

155 4249 232 4298 non
244 4226 369 4299 eadem
384 4227 444 4299 via
458 4227 620 4300 omnium
634 4228 842 4323 procedunt
854 4228 1030 4316 actioneS,
1044 4238 1194 4323 propter
