2926 4980
311 350 386 418 408
557 364 612 418 nu
630 364 824 419 arvrrnru
842 362 1109 418 cunrsrrnun.

112 557 190 608 cnr.
201 558 287 610 xurr.
312 529 480 603 Romano
492 554 568 604 non
584 532 877 606 continebantur.
903 532 1025 626 Atque
1041 530 1112 603 hoc
1128 550 1350 625 responsum

127 637 276 759 ᾗ
312 653 391 715 esto
408 642 502 716 libro
518 644 691 719 secundo.

126 764 280 811 *afflet
361 754 405 827 In
434 755 527 830 libro
553 757 662 831 tertio
688 757 925 853 quaestionem
950 764 1162 844 tractatum
1180 752 1284 849 Papa
1300 751 1352 826 sit

312 868 569 943 Antichristus.
635 870 745 944 Quod
770 893 865 966 papa
893 869 941 943 sit
963 866 1224 955 Antichristus,
1243 865 1351 962 equi-

313 982 397 1055 dem
413 983 607 1079 probatum
623 1006 805 1078 nusquam
821 981 908 1056 vidi.
961 980 1196 1054 Manifestum
1220 992 1352 1051 antem

313 1107 379 1182 cst,
404 1095 601 1190 prophetas
617 1093 760 1167 Veteris
783 1093 1011 1167 Testamenti
1035 1090 1262 1188 praedixisse,
1279 1090 1352 1163 Ju-

314 1207 483 1302 daeosque
509 1207 692 1296 Messiam,
711 1207 750 1281 id
766 1220 822 1280 est
839 1207 1037 1295 Christum,
1054 1217 1250 1278 venturum
1267 1226 1353 1277 esse

314 1330 355 1392 ut
372 1343 525 1415 regnum
542 1321 623 1405 Dei,
642 1320 741 1415 quod
762 1321 940 1416 rejectum
964 1319 1095 1406 fuerat,
1121 1317 1350 1404 restitueret,

314 1444 535 1527 expectasse.
586 1433 803 1528 Expectatio
823 1445 947 1506 autem
963 1431 1025 1504 illa
1041 1429 1252 1526 imposturis
1268 1453 1349 1502 am-

313 1545 529 1618 bitiosorum
545 1545 746 1636 hominum,
763 1547 827 1643 qui
844 1568 998 1641 regnare
1016 1554 1247 1630 conarentur,
1265 1543 1351 1638 qui-

314 1682 384 1755 que
401 1659 575 1754 populum
600 1683 666 1754 per
692 1660 867 1733 miracula
889 1659 992 1747 falsa,
1010 1656 1203 1753 pervitam
1227 1655 1350 1753 hypo-

314 1772 490 1858 criticam,
516 1773 575 1846 vel
603 1774 869 1869 perorationes
897 1785 934 1845 et
961 1770 1147 1845 doctrinas
1174 1768 1350 1860 blandas,

315 1884 520 1980 decipiendi
537 1897 653 1958 artem
671 1885 886 1974 calluerunt,
897 1908 959 1958 eos
977 1883 1154 1958 obnoxios
1170 1881 1349 1955 reddidit.

315 1998 468 2094 Propter
491 1998 587 2072 hauc
612 2022 758 2071 causam
787 2000 959 2072 Servator
978 2010 1103 2070 noster
1122 2009 1161 2069 et
1184 1995 1349 2092 apostoli

313 2111 488 2208 populum
505 2125 737 2199 monuerunt,
754 2135 801 2184 ne
817 2110 1006 2208 prophetis
1023 2120 1060 2183 et
1071 2109 1226 2182 Christis
1241 2108 1348 2182 falsis

314 2237 451 2297 temere
476 2223 678 2297 crederent.
730 2225 854 2297 Falsus
879 2236 1001 2297 autem
1020 2222 1186 2295 Christus
1212 2221 1348 2294 iutelli-

313 2338 468 2433 gebatur
493 2336 536 2424 is,
563 2337 625 2432 qui
651 2360 688 2409 se
714 2336 900 2410 Christum
926 2359 1014 2424 esse,
1033 2359 1116 2407 cum
1142 2357 1217 2407 non
1235 2347 1346 2424 esset,

313 2448 577 2544 profitebatur3
609 2461 647 2521 et
672 2449 783 2544 vulgo
811 2448 1091 2544 appellabantur
1118 2447 1209 2519 tales
1231 2446 1347 2519 Auti-

314 2562 461 2651 christi,
479 2585 523 2634 ea
540 2562 815 2657 significatione,
833 2587 907 2659 qua
920 2562 957 2634 in
969 2560 1234 2649 schismatibus
1252 2560 1347 2633 alter

315 2673 360 2746 de
389 2688 524 2771 papatu
553 2675 864 2765 contendentium,
882 2675 1006 2748 vocari
1031 2674 1122 2747 solet
1149 2673 1345 2769 Antipapa.

315 2789 563 2861 Antichristus
589 2801 712 2862 autem
738 2789 828 2862 duas
853 2789 964 2862 habet
989 2802 1095 2861 notas
1114 2787 1345 2870 essentiales;

314 2902 477 2991 alteram,
492 2901 591 2997 quod
602 2900 727 2974 lesum
741 2927 823 2974 esse
840 2901 1027 2973 Christum
1039 2913 1164 2996 ueget3
1178 2899 1344 2988 alteram,

315 3014 414 3108 quod
430 3015 592 3111 reipsum
613 3013 802 3087 Christum
828 3040 910 3087 esec
936 3015 1044 3087 dicat.
1110 3014 1209 3086 Nota
1228 3014 1347 3109 prima

315 3137 371 3198 est
384 3127 462 3199 haec
476 3127 490 3222 (
498 3137 510 3200 l
528 3128 612 3200 Joh.
625 3127 672 3200 iv.
686 3127 724 3220 3)
739 3156 747 3198 :
770 3128 984 3223 Quicunque
998 3127 1159 3224 spiritus
1173 3151 1243 3197 uon
1250 3151 1345 3224 pro·

302 3239 573 3332 fitetuchsum
584 3240 772 3313 Christum
783 3240 821 3312 iu
832 3266 947 3313 corae
959 3241 1168 3328 comitumue
1179 3239 1262 3311 Deo
1274 3262 1344 3311 uon

314 3365 400 3436 cst;
418 3364 456 3426 ct
474 3354 705 3426 Antichristi
722 3363 791 3426 cst.
843 3354 970 3426 Altera
987 3353 1144 3426 habetur
1168 3353 1206 3424 in
1223 3352 1345 3425 verbis

316 3466 519 3539 Servatoris
547 3467 664 3540 nostri
690 3466 838 3558 (Matth.
856 3467 952 3538 xxiv.
973 3466 1038 3558 5):
1066 3464 1184 3537 Multi
1200 3465 1345 3537 uenient

313 3579 380 3652 sub
408 3580 549 3653 nomine
575 3605 653 3652 meo
683 3579 859 3669 dicentes,
874 3603 946 3677 ego
969 3603 1049 3650 aum
1075 3578 1250 3650 Christus
1262 3606 1276 3660 ;
1308 3589 1345 3652 et

313 3691 446 3764 multos
463 3692 659 3765 reducent:
687 3704 725 3764 et
748 3692 819 3765 alio
838 3692 917 3764 loco
943 3691 1075 3784 (Marc.
1093 3691 1168 3763 xiii.
1187 3690 1275 3781 20:
1302 3689 1345 3763 Si

313 3805 398 3902 quir
422 3803 522 3877 uobis
550 3804 666 3894 dicat,
694 3829 779 3877 cccc
808 3805 869 3877 hic
893 3814 950 3876 eat
981 3801 1162 3891 Christus,
1189 3801 1345 3878 illiceat

317 3918 502 4006 Christus,
539 3942 585 3989 ne
627 3916 806 3989 credatis.
872 3917 1118 3989 Antichristus
1152 3939 1240 4010 ergo
1276 3918 1345 3991 erit

314 4030 479 4104 Christus
495 4030 619 4116 falsus,
637 4029 676 4102 id
694 4040 762 4114 est,
776 4029 907 4125 aliquis
925 4030 987 4125 qui
1006 4054 1044 4103 se
1063 4029 1249 4101 Christum
1266 4054 1345 4104 esse

312 4144 553 4240 profitebitur,
572 4169 640 4218 nec
657 4155 722 4216 est.
775 4144 828 4216 Ex
848 4142 988 4217 duabus
1004 4144 1062 4216 his
1087 4143 1195 4230 notis,
1212 4166 1345 4239 nempe

314 4255 438 4331 Jeaum
471 4280 552 4329 csse
594 4255 781 4329 Christum
822 4280 966 4354 negare
999 4268 1037 4328 et
1068 4254 1229 4352 scipsum
1263 4280 1345 4328 coac

152 4556 313 4672 ἢ
