2926 4980
323 349 397 418 830
548 365 603 418 na
623 364 818 419 e1v1rsrn
838 362 1107 418 currentius.

138 565 288 617 xxxv111,
324 533 579 633 ignobilitate,
593 544 725 633 surget
742 534 780 607 ia
794 533 926 632 gloria
940 561 953 614 .·
978 534 1182 608 saminator
1200 535 1238 607 ia
1256 533 1365 630 infir-

141 645 281 682 ,ῳ

114 719 285 860 331⁶&
284 733 313 828 ii
325 760 433 847 male,
450 770 585 858 surget
602 785 741 858 corpus
758 758 974 858 spirituale.
1029 758 1165 833 Gloria
1178 771 1315 850 autem,
1325 772 1366 834 et

114 850 284 967 {fflffiif
284 863 315 894 ‘¹⁸
324 875 456 962 virtus,
475 885 512 948 et
528 872 802 974 spiritualitas,
820 873 1031 970 corporibus
1048 872 1289 970 reproborum
1306 885 1366 947 at-

324 987 437 1060 tribui
470 1011 545 1061 non
574 998 717 1085 potest:
744 1010 864 1084 neque
892 1011 991 1060 ram
1013 987 1175 1060 secunda
1201 987 1274 1060 illis
1300 987 1367 1084 qui

325 1101 436 1174 semel
453 1113 598 1174 tantum
615 1099 706 1173 mori
725 1110 889 1196 possunt.
924 1099 1008 1174 Scio
1025 1100 1274 1196 metaphorice
1292 1099 1368 1174 dici

325 1236 432 1310 posse
453 1225 621 1302 mortem,
647 1213 761 1286 vitam
786 1213 886 1286 illam
910 1236 1018 1308 quam
1043 1213 1265 1286 comitantur
1281 1236 1367 1308 per-

326 1339 447 1423 petuae
474 1327 699 1400 calamitates
719 1336 757 1399 et
784 1326 962 1411 miseriae;
988 1326 1053 1400 sed
1079 1351 1178 1399 mors
1200 1326 1368 1400 asanaa

326 647 467 737 oritate,
484 657 619 745 surgat
642 647 680 720 ia
704 647 843 720 virtute
856 675 869 720 :
895 647 1098 720 seminatur
1121 671 1258 744 corpas
1284 647 1367 720 ani-

327 1439 399 1512 dici
424 1464 498 1513 non
527 1452 660 1536 potest.
712 1440 812 1536 Ignis
834 1452 982 1537 paratus
1005 1440 1212 1513 hominihus
1234 1440 1369 1536 impiis,

327 1565 525 1649 perpetuus
548 1576 627 1627 esse
649 1564 783 1650 potest,
809 1553 982 1627 nimirum
1001 1577 1111 1650 poena
1131 1553 1193 1626 illa
1209 1565 1293 1650 post
1309 1576 1369 1626 re-

328 1668 604 1756 surrectionem,
629 1666 890 1763 qualiscunque
921 1667 981 1757 sit,
999 1679 1037 1742 et
1057 1667 1181 1740 vocari
1209 1666 1370 1740 inextin-

328 1779 499 1875 guibilis;
526 1778 629 1876 atqui
655 1779 741 1851 inde
770 1779 897 1853 inferri
923 1804 999 1853 non
1026 1791 1159 1878 potest,
1178 1779 1277 1875 quod
1304 1779 1371 1868 illi,

330 1893 393 1989 qui
422 1892 461 1965 in
490 1893 614 1988 ignem
643 1891 746 1964 illum
771 1892 1027 1987 conjiciuntur,
1044 1894 1084 1965 in
1113 1917 1157 1966 eo
1190 1903 1370 1966 aternum

329 2006 510 2078 ardebunt
533 2017 599 2078 aut
623 2005 894 2094 cruciabuntur,
911 2030 980 2079 nec
1003 2016 1126 2080 tamen
1153 2029 1370 2079 consumen-

328 2133 401 2193 tur.
453 2118 686 2192 Contrarium
704 2119 801 2191 enim
819 2118 952 2192 dicitur
974 2119 1104 2215 (Apoc.
1121 2142 1182 2191 xx.
1205 2127 1261 2207 13,
1285 2121 1368 2213 14):

329 2235 385 2306 Et
399 2231 506 2306 dedit
522 2257 626 2305 more
642 2241 807 2305 mortuos
824 2233 889 2329 qai
906 2232 945 2305 in
963 2258 1006 2305 eo
1023 2242 1146 2322 orarit,
1164 2242 1202 2305 et
1214 2257 1314 2306 mors
1332 2242 1370 2305 et

331 2348 502 2445 infernas
519 2345 704 2420 dederant
719 2355 883 2419 mortuos
909 2346 1030 2444 quiin
1051 2346 1149 2444 iptsis
1169 2355 1305 2418 erant:
1332 2356 1371 2419 et

320 2460 596 2557 judicabantur
608 2460 859 2557 unnsquisque
875 2459 1073 2533 secandam
1090 2483 1208 2557 opero
1221 2483 1346 2531 eoram
1356 2486 1370 2531 .·

330 2585 368 2648 et
390 2600 489 2647 mors
506 2584 544 2646 et
562 2573 734 2670 irfferaas
761 2573 923 2669 conjecti
939 2581 1026 2646 sant
1043 2573 1082 2645 ia
1105 2583 1280 2670 stagnum
1311 2573 1372 2669 ig·

330 2688 390 2761 nis
401 2717 414 2760 .·
440 2696 478 2759 et
495 2687 575 2759 laceo
593 2695 651 2758 est
665 2711 764 2758 raors
781 2684 956 2759 secanda.

380 2801 477 2873 Vitae
494 2810 617 2873 autem
637 2812 786 2874 aeternae
812 2800 947 2895 gaudia
970 2796 1332 2893 comprehenduntur
1349 2821 1372 2869 a

333 2914 578 3009 scriptoribus
600 2913 721 2986 Sacris
747 2914 812 2986 sub
836 2912 983 2986 nomine
1000 2911 1138 2984 solatis
1155 2909 1230 2982 sive
1247 2910 1373 2982 soloa-

333 3027 456 3100 tioais.
510 3025 665 3099 Saloari
683 3037 806 3098 autem
823 3025 971 3097 servari
989 3036 1057 3114 est,
1072 3024 1147 3096 sive
1165 3023 1373 3119 specialiter

332 3167 355 3214 a
381 3140 485 3212 malis
515 3139 636 3227 certiS,
654 3138 730 3211 sive
752 3137 1007 3210 universaliter
1028 3160 1051 3209 a
1070 3135 1174 3209 malis
1192 3135 1373 3221 omnibus,

331 3275 462 3348 nempe
479 3250 693 3346 indigentia,
711 3249 939 3346 aegritudine,
958 3260 996 3322 et
1013 3259 1131 3322 morte
1149 3249 1238 3344 ipsa,
1253 3270 1276 3319 a
1293 3247 1374 3343 qui-

331 3369 398 3441 bus
416 3367 596 3455 omnibuS,
614 3364 684 3437 nisi
699 3373 887 3460 peccasset
904 3363 1079 3451 Adamas,
1093 3361 1285 3435 incolumis
1302 3361 1374 3433 vir-

331 3492 411 3555 tute
438 3480 578 3552 arboris
607 3478 704 3567 vitae,
732 3476 882 3550 vixisset
914 3475 953 3548 in
987 3487 1176 3549 aeternum.
1229 3472 1375 3546 Servari

333 3617 421 3689 ergo
441 3594 487 3665 ab
512 3591 570 3663 his
597 3590 700 3663 malis
721 3591 899 3677 omnibuS,
917 3587 1015 3660 idem
1039 3602 1095 3660 est
1121 3584 1324 3659 asservari
1353 3608 1377 3657 a

333 3717 497 3803 peccato.
548 3706 597 3777 Et
627 3705 666 3776 in
696 3703 895 3798 Scripturis
923 3701 1044 3775 Sacris
1073 3700 1200 3774 eadem
1227 3721 1286 3771 res
1307 3710 1374 3785 est,

334 3831 487 3917 peccata
507 3817 657 3906 remitti,
676 3829 714 3889 et
739 3841 762 3889 a
784 3827 902 3888 morte
929 3827 966 3889 et
992 3814 1146 3888 miseriis
1167 3810 1316 3900 servari,
1332 3823 1376 3883 ut

334 3946 479 4008 constat
503 3957 548 4005 ex
571 3931 691 4004 verbis
709 3929 913 4004 servatoris
938 3929 1056 4003 nostri
1080 3927 1228 4022 (Matth.
1243 3926 1292 3997 ix.
1307 3926 1374 4018 2):

336 4044 575 4142 Confidefili,
592 4043 831 4116 remittantur
843 4050 1007 4140 peccato
1027 4050 1110 4113 tao:
1129 4050 1167 4112 et
1182 4039 1291 4132 (vers.
1311 4037 1350 4129 5)
1365 4063 1374 4107 ε

332 4170 455 4233 atram
471 4157 703 4253 estfocilias
716 4155 855 4244 dicere,
874 4155 1111 4258 dimittuntur
1129 4152 1198 4225 tibi
1208 4159 1377 4249 paccata

334 4284 410 4362 tao,
429 4297 478 4345 aa
496 4272 635 4360 disere,
653 4293 770 4366 sarge
786 4279 824 4342 et
842 4266 1024 4342 ambula?
1075 4267 1197 4340 Etiam
1220 4265 1374 4339 rationis
