2926 4980
519 334 574 385 nn
595 334 775 385 nonme.
1101 318 1170 385 103

172 500 362 575 Quoniam
390 509 513 574 autem
538 497 702 573 conditio
730 499 921 574 hominum
950 500 1008 593 (ut
1032 522 1170 595 praeoe-

119 612 235 685 dente
247 612 372 709 oapioe
382 624 571 686 ostensum
584 613 656 704 est)
670 623 725 685 est
737 612 900 686 conditio
910 612 997 685 belli
1008 613 1171 685 omnium

121 739 256 800 contra
273 749 416 816 omneS,
436 737 475 799 et
491 739 689 822 propterea
705 727 956 822 unusquisque
974 751 1040 798 sua
1056 725 1171 822 ipsius

122 841 270 913 ratione
287 841 542 937 gubematur;
569 850 606 913 et
623 840 710 936 quio
727 838 818 911 nihil
835 854 903 929 est,
923 839 1022 935 quod
1039 840 1078 911 iu
1095 840 1173 912 vito

125 965 259 1026 contra
284 953 430 1026 hostem
452 951 682 1025 defendenda
699 951 790 1024 utile
816 952 850 1024 ei
878 952 1075 1050 aliquando
1093 975 1172 1026 esse

125 1088 204 1140 non
213 1066 347 1162 possin
362 1065 527 1161 sequitur
540 1065 579 1137 in
592 1065 803 1138 conditione
814 1065 1004 1137 hominum
1015 1066 1174 1139 naturali

127 1180 294 1253 omnium
311 1179 351 1253 in
369 1179 494 1252 omnia
504 1180 566 1275 jus
584 1202 674 1268 esse,
692 1179 780 1275 ipsis
796 1180 987 1252 hominum
1010 1182 1174 1276 corpori-

127 1294 199 1365 bus
213 1316 291 1366 non
309 1292 483 1390 exceptis.
536 1292 723 1367 Quamdiu
737 1316 825 1388 ergo
849 1296 911 1389 jus
928 1292 1020 1367 illud
1037 1293 1173 1366 retine-

128 1405 241 1491 bitur,
258 1405 362 1478 nulla
385 1405 568 1499 cuiquam,
586 1404 658 1478 etsi
682 1404 901 1478 fortissimus
919 1406 978 1494 sit,
997 1407 1174 1480 securitas

130 1543 210 1592 ese
223 1517 372 1615 poterit.
424 1518 593 1590 Rationis
605 1542 694 1613 ergo
711 1533 938 1616 praeceptum
956 1520 1031 1592 sive
1048 1521 1176 1616 regula

129 1632 404 1729 generalised,
424 1655 561 1728 poce-m
587 1631 747 1727 quidem,
766 1632 851 1704 dom
877 1634 959 1727 ejus
983 1632 1175 1706 obtinendi

130 1770 219 1844 opes
237 1755 305 1834 eet,
324 1744 563 1841 querendam
589 1768 699 1828 eeee,·
725 1746 875 1842 quondo
904 1756 1025 1818 autem
1042 1746 1175 1819 haberi

131 1883 202 1931 nou
226 1855 533 1955 paromoeon
560 1857 798 1955 undecunque
818 1883 1001 1955 quaerere,
1027 1869 1066 1932 et
1094 1860 1154 1933 illi

130 1972 188 2044 eti
212 1971 357 2045 licitum
383 1995 476 2042 eree.
528 1971 680 2066 Regulae
696 1971 804 2067 hujus
821 1996 905 2067 pars
922 1973 1041 2068 prima
1059 1973 1176 2046 conti-

130 2098 197 2158 net
212 2084 332 2180 legem
349 2096 493 2157 naturae
508 2083 678 2179 primam,
697 2109 835 2182 pacem
851 2107 975 2181 quere
992 2095 1030 2157 et
1040 2108 1175 2182 peree-

132 2221 275 2295 quere,·
300 2196 465 2270 secunda
474 2207 529 2268 est
543 2197 636 2292 juris
653 2196 830 2269 naturalis
848 2221 1001 2282 summa,
1013 2197 1176 2270 omnibus

132 2310 205 2383 viis
230 2319 270 2382 et
294 2310 414 2382 modio
443 2310 606 2407 seipsum
634 2310 862 2406 defendendi
880 2313 948 2406 jus
979 2312 1177 2409 unicuique

133 2449 227 2496 esee.

184 2539 218 2610 Α
243 2537 325 2634 lege
353 2550 495 2610 naturae
517 2537 638 2632 prima
661 2538 779 2610 oritur
803 2539 977 2626 secunda,
1000 2548 1177 2635 oportere

136 2675 432 2748 unumquemque,
450 2649 596 2746 quoties
607 2651 703 2747 poci
721 2660 759 2722 et
777 2651 988 2748 defensioni
998 2651 1177 2748 proprie

129 2763 323 2861 provisum
341 2764 427 2850 erit,
446 2788 470 2835 o
488 2765 582 2857 jure
603 2788 670 2835 ouo
697 2765 736 2837 io
763 2766 896 2853 omnio,
916 2764 1063 2838 ceteris
1081 2764 1178 2836 idem

123 2876 266 2972 secere
269 2877 441 2974 paratio,
454 2876 647 2963 decedere,
659 2887 939 2974 contentumque
953 2902 1035 2950 eree
1048 2878 1179 2950 eodem

136 2988 313 3063 libertate
329 3015 440 3086 qoam
467 2990 613 3062 ceteris
637 2991 789 3063 concedi
815 2991 938 3064 vellet.
992 2991 1178 3066 Quamdiu

136 3104 234 3176 enim
251 3103 410 3176 faciendi
427 3104 561 3192 omnia,
581 3127 663 3199 quae
679 3103 769 3191 vult,
784 3104 844 3198 jus
867 3105 1013 3190 retinet,
1036 3104 1178 3177 tamdiu

135 3216 272 3289 bellum
289 3228 424 3288 manet.
477 3216 613 3288 Verum
631 3216 662 3289 si
681 3216 804 3288 caeteri
817 3218 904 3312 jura
917 3241 983 3289 sua
1000 3217 1037 3289 in
1055 3217 1179 3290 omnio

137 3330 321 3426 deponere
339 3340 519 3418 recusent,
537 3353 656 3424 neque
682 3328 742 3401 ille
759 3353 866 3401 suum
884 3329 1068 3426 deponere
1086 3329 1178 3402 obli-

136 3453 255 3539 gatur.
308 3442 457 3539 Alioqui
475 3442 617 3515 caeteris
636 3442 673 3513 iu
689 3442 853 3537 praedam
869 3445 992 3538 potius
1011 3468 1049 3516 se
1068 3467 1180 3538 expo-

137 3579 236 3646 nere,
271 3555 371 3651 quod
410 3567 544 3628 natura
585 3578 660 3627 non
694 3555 868 3650 postulat,
906 3581 1015 3652 quam
1049 3580 1179 3652 pacem

137 3669 306 3765 persequi
322 3679 527 3764 putaretur.
566 3669 689 3763 Atque
706 3667 785 3741 haec
803 3669 863 3742 lex
880 3669 1008 3742 eodem
1027 3679 1083 3742 est
1093 3694 1178 3742 oum

138 3781 201 3855 illa
215 3780 417 3877 Evangelii,
430 3781 614 3879 quiequid
628 3780 833 3876 vobiefieri
856 3782 981 3873 voltis,
1000 3783 1045 3855 id
1044 3783 1179 3879 facite

139 3894 229 3966 aliie
243 3922 257 3978 ;
284 3906 419 3966 etcum
435 3893 499 3966 illa
515 3894 680 3967 omnium
696 3896 875 3990 gentium,
889 3895 993 3991 qood
1007 3894 1179 3988 tibifieri

138 4031 208 4079 non
224 4006 292 4095 vis,
311 4006 426 4080 alteri
442 4007 658 4103 defeceris.

189 4121 233 4193 In
249 4144 327 4192 rem
345 4120 504 4215 aliquam
527 4121 587 4216 jus
605 4144 709 4193 suum
730 4120 896 4217 deponit,
914 4121 980 4217 qui
998 4120 1179 4194 libertate

138 4231 209 4304 illo
225 4257 267 4304 ee
275 4232 422 4330 privat,
434 4257 545 4329 qrcom
556 4232 680 4321 habet,
697 4242 854 4305 eeteros
867 4232 1094 4330 impediendi
1106 4258 1179 4330 quo

1200 534 1277 582 cAP.
1293 533 1365 582 xlv.

1211 615 1353 648 §.mr—a

1184 673 1218 717 De
1232 674 1319 716 dirobuo
1328 672 1370 730 pri-

1183 739 1225 781 mis
1238 738 1324 794 legibue
1333 751 1370 781 nn·

1183 803 1299 856 toralibus,
1307 808 1330 846 et
1342 803 1370 846 do

1184 870 1338 913 ooutrootibue
