2926 4980
116 566 193 617 CAP.
206 566 231 616 1.

105 645 250 684 s-s-ae

110 711 144 755 llo
154 709 255 768 symbolo

110 776 201 821 Nierao.

290 352 361 417 514
511 358 745 413 aunuum
762 357 818 409 Al)
837 356 1094 411 LBVIATHAN.

289 541 361 619 tur,
381 528 433 601 ita
450 526 496 599 de
514 525 593 599 Deo
610 525 649 599 in
661 522 861 621 Scripturis
878 522 1000 597 Sacris
1011 523 1203 620 expressis
1220 524 1351 599 verbis

291 641 551 742 praedicantur.

342 755 391 829 A.
418 758 441 792 “
454 751 506 827 Et
524 751 563 824 in
579 774 685 823 unum
698 748 895 823 Dominum
907 746 1035 821 Jeaam
1051 748 1267 839 Christum,
1280 749 1350 823 Fi-

292 870 382 945 h'um
404 867 483 943 Dei
507 862 769 964 unigenitum.‘'
819 862 895 937 Cur
921 885 1070 936 neeesse
1099 875 1186 937 erat
1216 862 1348 937 dioere

293 982 532 1083 unigenitum.

343 1098 392 1170 B.
421 1094 518 1171 Quia
530 1099 636 1166 amnt
652 1113 697 1163 eo
707 1098 872 1186 tempore
884 1087 1060 1175 haeretici,
1072 1088 1138 1185 qui
1152 1089 1346 1165 docebant

295 1210 482 1285 Christum
510 1227 585 1277 non
610 1226 689 1276 esse
707 1202 838 1276 Filium
854 1202 924 1276 Dei
941 1201 1120 1298 genitum,
1138 1202 1207 1276 aed
1224 1204 1344 1301 adop

294 1324 430 1402 tivum;
457 1317 519 1392 alii
550 1318 662 1390 etiam
691 1326 808 1406 erant,
839 1315 903 1413 qui
931 1315 1115 1389 docebant
1143 1316 1343 1391 Christum

294 1435 365 1509 alio
384 1455 491 1504 sensu
517 1430 554 1501 in
583 1430 782 1527 Scripturis
808 1429 928 1505 Sacris
948 1429 1072 1503 vocari
1097 1429 1234 1505 Filium
1258 1432 1341 1523 Dei,

295 1570 404 1646 quam
424 1569 495 1640 quo
512 1542 639 1617 fideles
658 1568 784 1619 omnes
812 1544 866 1618 ita
893 1542 1148 1641 appellantur:
1178 1568 1266 1617 oum
1284 1556 1340 1619 ta-

294 1683 378 1733 men
396 1658 434 1730 in
453 1657 652 1753 Scripturis
671 1658 793 1732 Sacris
811 1679 979 1754 expresse
993 1668 1032 1729 et
1047 1655 1187 1753 passim
1201 1656 1341 1733 dieitur

293 1785 373 1847 tum
389 1772 547 1868 genitus,
564 1781 644 1844 tum
662 1771 762 1845 Deus
786 1796 810 1845 a
835 1772 942 1845 Patre
970 1780 1080 1843 natus
1107 1780 1197 1843 ante
1215 1774 1340 1844 omnia

294 1887 444 1972 secula3
481 1897 519 1959 et
546 1897 743 1982 propterea
767 1883 869 1958 credi
894 1883 1003 1957 debet
1032 1881 1225 1957 Christum
1260 1907 1340 1957 esse

295 2000 414 2074 Deum
432 1998 478 2072 de
495 1999 586 2086 Deo,
605 1998 746 2071 Lumen
758 1996 804 2070 de
822 1996 989 2084 Lumine,
1005 2018 1134 2067 verum
1150 1995 1275 2071 Deum
1293 1996 1339 2071 de

294 2139 382 2188 vero
399 2114 491 2202 Deo,
509 2111 676 2209 genitum
693 2134 770 2183 non
785 2109 936 2183 factum.

346 2227 394 2299 Α.
423 2226 603 2301 Quaenam
636 2236 693 2298 est
727 2222 934 2297 differentia
967 2221 1064 2295 inter
1095 2221 1268 2319 guaitam
1301 2235 1339 2297 et

280 2339 471 2435 factum?

347 2451 395 2523 B.
423 2450 492 2522 Per
506 2450 664 2547 suctum
691 2448 927 2544 intelligimus
942 2447 1098 2543 fuctum
1125 2471 1151 2518 o
1178 2445 1265 2520 Deo
1293 2474 1341 2522 ea

294 2562 423 2650 nihile,
438 2562 476 2635 id
494 2574 560 2653 est,
575 2572 800 2635 creaturam.
843 2561 1064 2657 Quanquam
1081 2560 1181 2633 enim
1197 2562 1341 2635 auima-

294 2676 344 2749 lia
368 2674 538 2749 dicautur
564 2690 601 2750 et
622 2691 746 2749 ereata
763 2688 801 2749 et
816 2675 963 2772 genita;
992 2673 1140 2772 quando
1163 2675 1341 2748 dicuntur

295 2802 432 2876 creata,
459 2790 677 2886 intelligitur
710 2788 801 2861 illud
831 2813 913 2861 eum
941 2788 1118 2861 relatione
1145 2787 1195 2860 ad
1218 2789 1340 2863 Deum

296 2914 509 2991 creatorem,
528 2903 647 3000 quiin
665 2903 764 2975 omni
789 2926 923 2998 genere
949 2901 1107 2997 primum
1134 2925 1276 2976 marem
1301 2915 1341 2976 et

295 3017 482 3090 foeminam
501 3018 638 3090 creavit
652 3041 697 3089 ex
715 3027 840 3088 creata
862 3027 971 3089 terra.
1019 3014 1099 3088 Sed
1117 3015 1266 3110 quando
1284 3017 1340 3089 di-

296 3132 392 3204 citur
409 3131 544 3202 animal
562 3153 639 3202 esse
656 3130 822 3225 genitum
850 3128 1009 3201 naturali
1039 3127 1161 3216 modo,
1182 3129 1339 3227 intelligi

297 3245 502 3317 debetcum
516 3243 691 3315 relatione
706 3242 753 3314 ad
771 3243 890 3339 prima
908 3254 1043 3331 ereata,
1060 3253 1103 3314 ut
1119 3243 1314 3317 materiam
1328 3275 1338 3327 ;

296 3369 335 3430 at
353 3357 499 3453 quando
517 3356 651 3428 dieitur
670 3355 857 3427 Christum
872 3378 950 3427 esse
967 3354 1145 3449 genitum,
1164 3354 1339 3454 intelligi-

298 3484 359 3543 tur
376 3470 541 3565 genitum
559 3470 605 3541 ab
624 3469 702 3564 ipso
720 3468 799 3540 Deo
818 3468 924 3540 Patre
944 3468 988 3540 de
1003 3467 1157 3541 materia
1172 3469 1336 3565 virginis.

347 3585 395 3656 Α.
423 3582 524 3658 auid
535 3595 590 3656 est
602 3582 767 3655 “Lumen
780 3581 988 3654 deLamine
998 3581 1044 3655 2⁹⁹
1072 3582 1213 3655 Lumen
1228 3585 1336 3674 enim,

296 3710 339 3771 ut
362 3698 452 3770 milri
477 3697 634 3783 videtur,
653 3695 872 3791 phantasma
894 3705 961 3782 est,
980 3718 1056 3766 non
1081 3717 1139 3767 res
1165 3696 1335 3770 existens.

296 3811 464 3908 Exempli
491 3834 625 3891 eausa;
652 3808 683 3880 si
708 3808 804 3879 iuter
831 3807 978 3880 oculum
1003 3819 1040 3880 et
1067 3806 1258 3883 caudelam
1284 3811 1337 3884 vi·

296 3941 395 4001 trum
423 3935 574 4011 statuae,
604 3924 707 4018 cujus
737 3920 948 4016 superficies
982 3944 1027 3991 ex
1061 3921 1185 3995 multis
1218 3923 1338 4019 planis

297 4053 442 4115 constat
468 4051 569 4111 certo
589 4034 698 4108 modo
717 4032 914 4128 dispositis
933 4032 1056 4104 multae
1074 4033 1141 4105 tibi
1160 4033 1337 4111 videbun·

297 4170 357 4230 tur
375 4151 548 4228 candelae.
594 4149 736 4223 Scimus
750 4158 873 4219 tamen
883 4146 1029 4218 unicam
1047 4146 1097 4219 ibi
1115 4170 1195 4219 esse
1211 4173 1338 4224 veram

298 4267 499 4354 candelam,
528 4276 565 4337 et
592 4260 746 4359 proinde
774 4272 926 4333 oaeteras
961 4283 1087 4333 omnes
1121 4283 1223 4334 mera
1256 4288 1336 4337 esse
