2926 4980
497 393 550 444 11
570 393 777 444 11111111.
1086 381 1160 446 245

122 561 198 634 fere
216 583 343 632 omues
362 561 428 632 sub
445 559 667 656 gravissimis
688 560 806 688 poenis
832 559 1008 632 haetenus
1025 558 1161 633 frustra
1187 597 1264 646 cxx
1277 593 1362 643 χχχ

123 674 400 771 prohibuerunt.
428 674 507 746 Nee
526 673 1354 793 11111111111111111111111111111111Βζοῖ·εωῃ

122 787 367 883 possitvide0,
392 788 463 860 nisi
486 788 581 860 forte
606 788 782 883 legibus
769 811 845 882 Jam
871 785 978 860 factis
1006 750 1242 859 addaturiia
1213 749 1344 871 iffipiuu

125 925 269 997 quoque
282 901 383 973 haec:
410 914 452 974 ut
470 900 678 1001 quicunque
694 900 834 973 nobiles
852 911 937 972 sunt
955 910 1018 972 ant
1034 900 1161 972 haberi

123 1014 287 1109 cupiunt,
303 1017 511 1110 juramento
530 1015 815 1110 obstringamur,
829 1037 876 1086 ne
892 1023 957 1086 aut
974 1013 1162 1086 concivem

123 1126 170 1198 ad
188 1138 372 1198 certamen
387 1128 570 1223 singulare
587 1139 800 1224 provocent,
815 1150 932 1221 neque
947 1127 1162 1222 provocanti

122 1239 386 1335 respondeant:
415 1264 487 1335 quo
513 1242 577 1313 fiet
601 1251 643 1313 ut
658 1239 777 1312 laudis
794 1240 856 1312 illa
874 1240 1060 1312 Hectorea
1080 1239 1163 1333 (etsi

124 1354 239 1425 civem
252 1376 471 1447 quemquam
483 1354 528 1425 ab
542 1354 706 1426 Hectore
721 1353 881 1425 occisum
893 1376 970 1425 esse
984 1375 1164 1448 nusquam

121 1467 290 1561 legimus)
311 1466 476 1555 aviditas,
503 1492 576 1539 non
600 1467 709 1539 modo
726 1466 843 1563 poenis
860 1465 952 1555 aliis,
971 1465 1163 1538 sedetiam

123 1578 274 1651 infamia
290 1580 440 1675 perjurii
457 1593 693 1678 temperetur,
713 1591 750 1653 et
766 1592 984 1677 provocatus
1001 1604 1163 1676 pugnam

125 1692 329 1765 declinandi
346 1704 565 1788 praetextum
581 1695 715 1767 habeat
732 1692 1038 1765 honestissimum.

174 1805 339 1878 Docendi
356 1820 536 1902 praeterea
559 1808 655 1880 cives
680 1820 778 1894 sunt,
798 1831 906 1902 quam
922 1807 1049 1902 gravia
1064 1807 1161 1880 mala

125 1915 210 2004 sint,
219 1918 385 2013 inprimis
395 1919 544 1992 honoris
556 1919 826 2016 congugalis,et
837 1917 968 1990 deinde
982 1919 1161 1991 bonorum

125 2054 425 2127 quorumcunque
450 2034 610 2105 concivis
634 2044 713 2106 tum
731 2032 892 2105 violenta
909 2044 988 2103 tum
1011 2030 1161 2105 fraudu-

124 2142 225 2215 lenta
236 2141 391 2216 ablatio:
420 2157 628 2241 quantoque
643 2145 775 2217 damno
789 2144 941 2240 justitiae
951 2143 1107 2239 publicae
1125 2157 1161 2218 et

122 2258 224 2352 pacis
241 2258 453 2338 eommunis,
471 2259 510 2330 in
528 2258 791 2355 cognoscendis
808 2258 933 2330 litibus
958 2268 1021 2329 aut
1044 2269 1158 2331 testes

125 2369 340 2464 autjudices
352 2383 644 2465 corrumpuntur.
696 2372 819 2464 Atque
835 2369 1161 2442 haeccoutinentur

125 2483 164 2554 in
181 2482 344 2578 decalogi
362 2483 542 2555 mandatis
559 2483 725 2578 septime,
745 2494 886 2569 octavu,
905 2494 943 2554 et
959 2505 1069 2554 nono.

176 2596 363 2669 Postremo
386 2596 540 2669 docendi
561 2609 657 2686 sunt,
676 2621 750 2669 non
768 2596 885 2668 solum
900 2594 999 2667 facta
1014 2595 1160 2690 injusta,

126 2709 190 2781 sed
207 2711 317 2783 etiam
334 2709 492 2782 faciendi
504 2710 655 2782 consilia
665 2721 701 2781 et
713 2708 901 2804 proposita
917 2707 1053 2801 injusta
1070 2731 1160 2798 esse,

126 2823 193 2894 etsi
210 2823 347 2895 factum
366 2824 484 2918 ipsum
509 2823 699 2918 contingat
721 2820 901 2916 impediri.
953 2820 1075 2916 Atque
1090 2820 1161 2894 hoc

127 2947 182 3009 est
194 2937 294 3032 quod
306 2937 476 3033 prohibet
490 2936 703 3008 mandatum
716 2934 909 3007 decimum.
937 2933 1085 3005 Summa
1098 2932 1160 3005 de-

126 3050 235 3145 nique
265 3051 399 3123 tabulae
431 3049 598 3121 secundae
629 3048 676 3120 ad
705 3071 818 3119 unum
849 3045 1036 3118 reducitur
1066 3070 1160 3142 prae-

127 3175 285 3259 ceptum,
304 3162 443 3260 diliges
454 3162 666 3259 proximum
684 3170 782 3232 tuum
799 3161 897 3231 11111
915 3158 1083 3256 teipsum.

177 3275 284 3351 Unde
314 3286 436 3347 autem
461 3275 540 3347 haec
566 3286 604 3346 et
629 3274 700 3346 alia
725 3272 859 3344 civium
886 3272 1003 3344 officia
1034 3271 1157 3345 doceri

126 3389 277 3486 possint,
304 3388 475 3483 cognosci
501 3397 633 3483 potest,
656 3387 685 3458 si
703 3397 759 3458 tot
777 3386 977 3481 opiniones,
995 3385 1077 3480 paci
1093 3410 1156 3481 ge-

126 3503 223 3577 neris
240 3501 390 3574 humani
408 3501 612 3589 contrariae,
631 3524 654 3571 1
665 3498 853 3594 principiis
867 3497 967 3569 falsis
983 3496 1081 3569 unde
1099 3521 1157 3569 re-

127 3627 243 3711 ceptae
260 3626 298 3686 et
320 3624 472 3686 retentae
499 3612 573 3685 sint
589 3610 838 3706 intelligatur:
865 3609 977 3698 falsae,
994 3609 1155 3704 inquam,

126 3729 325 3825 opiniones,
361 3750 450 3821 quas
475 3725 706 3822 praecedente
732 3723 850 3819 eapite
875 3723 1155 3813 numeravimus,

124 3865 256 3937 nempe
282 3840 394 3913 civem
420 3863 701 3938 unumquemque
718 3837 885 3933 judicem
910 3859 991 3907 1111
1016 3834 1156 3907 boniet

127 3955 243 4027 mali:
271 3954 391 4051 legem
408 3952 481 4025 eibi
500 3977 581 4025 1111
599 3951 730 4049 cuique
748 3948 1009 4022 conscientiam
1026 3971 1130 4020 auam
1143 3976 1157 4020 .·

118 4068 185 4162 jus
203 4067 349 4140 civitati
362 4067 399 4139 io
417 4065 511 4137 bona
529 4065 659 4139 ciuium
677 4063 814 4136 nullum
828 4086 909 4134 1111
920 4089 933 4133 .·
952 4061 1157 4157 tyrannici-

126 4181 319 4253 diametro
337 4179 487 4251 licitum.
540 4177 735 4250 Doctrinas
751 4177 817 4248 has
840 4174 903 4259 illi,
922 4196 1012 4268 quos
1029 4196 1155 4246 neces·

125 4295 212 4367 sitas
229 4307 294 4367 aut
311 4292 472 4366 studium
488 4292 580 4364 lucri
596 4291 712 4363 labori
725 4302 762 4363 et
779 4286 1077 4384 occupationibus
1100 4299 1156 4361 at-
