2926 4980
517 373 572 426 nn
592 372 776 425 nonius.
1121 355 1166 421 61

118 557 389 635 enormemqne
415 540 636 636 passionem,
667 539 824 636 intelligi
846 547 969 635 potest
994 536 1041 609 ab
1066 536 1173 609 effec·
1202 570 1370 621 mun,

121 651 229 724 tibus
245 653 347 726 nimii
359 655 449 744 vini,
468 655 568 751 quod
585 655 741 728 similem
766 652 937 750 producit
951 674 1173 747 organorum
1185 651 1353 760 ΠΜ

121 766 393 862 intemperiem.
430 767 598 842 Varietas
612 768 710 841 enim
724 767 927 854 hominum,
942 765 1005 861 qui
1018 763 1172 836 nimium
1184 779 1384 830 scuranum

122 879 312 969 biberunt,
325 880 454 953 eadem
472 894 529 955 est
546 883 585 955 in
598 882 774 971 moribus,
786 905 868 976 quae
880 878 1044 952 cernitur
1060 877 1099 950 in
1115 877 1172 949 in-
1184 846 1348 969 mamm

124 993 248 1065 sanis:
276 1015 433 1088 quorum
443 994 557 1090 aliqui
572 995 726 1084 firriunt,
740 993 801 1066 alii
814 1003 951 1075 amant,
964 990 1026 1064 alii
1038 989 1172 1079 rident,

126 1128 256 1177 omnes
286 1103 396 1178 modo
424 1105 585 1196 insolito,
608 1106 674 1179 sed
701 1130 777 1180 snae
805 1107 983 1200 cujusque
1012 1099 1173 1199 passioni

128 1241 306 1313 congruo.
348 1217 446 1292 Nam
459 1219 747 1292 etiamhomines
759 1217 898 1290 sobrios
910 1229 1014 1313 puto,
1027 1214 1173 1311 quando

128 1331 268 1426 absque
293 1330 395 1403 omni
420 1330 533 1404 animi
552 1354 641 1404 cura
657 1343 696 1404 et
718 1331 959 1427 occupatione
984 1329 1052 1403 soli
1074 1329 1174 1401 ince-

128 1443 234 1531 dunt,
251 1467 327 1516 non
356 1443 516 1517 libenter
542 1445 636 1518 velle
660 1444 925 1541 cogitationum
946 1467 1094 1517 suarum
1110 1466 1173 1515 va-

126 1559 284 1631 nitatem
317 1568 428 1653 atque
454 1558 737 1631 exorbitantium
766 1581 810 1631 eo
837 1568 1003 1653 tempore
1029 1554 1174 1651 publice

127 1693 329 1767 apparere;
355 1670 393 1742 id
407 1670 507 1766 qnod
520 1671 700 1744 confessio
717 1671 910 1744 manifesta
921 1681 976 1743 est
986 1669 1174 1766 passiones

127 1784 349 1881 irregulares
364 1783 581 1881 plerumque
598 1785 776 1857 insaniam
794 1808 933 1857 meram
951 1806 1042 1856 esse.

180 1896 381 1992 Opiniones
404 1895 596 1970 hominum
622 1898 721 1970 circa
744 1897 896 1971 insaniae
914 1922 1074 1986 causam,
1093 1908 1174 1970 tum

127 2022 296 2082 veterum
323 2020 403 2081 tum
429 2010 688 2099 recentiorum,
715 2010 798 2085 duae
827 2023 924 2084 sunt.
977 2010 1050 2084 Alii
1075 2010 1173 2083 enim

127 2147 212 2196 eam
237 2147 261 2195 a
285 2121 536 2218 passionibus;
563 2122 624 2195 alii
641 2146 664 2194 a
681 2122 919 2212 daemonibus,
937 2123 1013 2197 sive
1037 2123 1174 2219 spiriti-

127 2237 199 2309 bus
234 2235 413 2324 derivant,
448 2235 555 2308 honis
588 2235 646 2309 vel
683 2236 799 2326 maliS,
836 2259 928 2332 quos
961 2236 1100 2309 intrare
1134 2236 1174 2308 in

127 2351 315 2424 hominem
331 2372 438 2445 posse
456 2373 592 2447 eosque
609 2350 797 2446 possidere
811 2361 1047 2447 putaverunt,
1062 2361 1173 2445 atque

129 2463 294 2561 corporis
322 2463 402 2560 ejus
428 2487 568 2560 organa
591 2464 740 2538 insolito
767 2465 863 2538 ciere
889 2475 1005 2553 motu,
1030 2464 1174 2559 qualem

129 2576 454 2651 animadvertimus
471 2577 510 2649 in
527 2576 677 2650 insanis
729 2577 804 2650 Alii
829 2601 917 2674 ergo
937 2577 1084 2649 insanos
1110 2601 1174 2673 ap-

130 2691 370 2789 pellaverunt,
385 2713 475 2786 quos
492 2690 554 2764 alii
571 2715 864 2788 enurgumenos:
894 2690 1078 2787 hodieque
1094 2713 1174 2763 eos-

131 2803 215 2877 dem
230 2802 398 2875 homines
416 2802 500 2875 Itali
516 2815 651 2875 vocant
661 2803 777 2901 passi
793 2814 831 2876 et
847 2803 1032 2899 spiritati.

182 2915 342 3013 Magnus
355 2929 437 2989 erat
450 2916 636 3012 quondam
648 2916 688 2989 in
701 2916 791 2989 urbe
805 2917 1071 2990 Abderensinm
1086 2940 1173 2990 con-

132 3030 253 3103 fluxus
282 3029 410 3128 populi
441 3029 488 3102 ad
519 3030 717 3119 theatrum,
741 3054 825 3102 cum
854 3042 1026 3127 ageretur
1050 3030 1176 3105 fabula

133 3142 391 3228 Andromedae,
410 3143 538 3216 aestivo
557 3155 595 3215 et
617 3141 783 3215 fervente
800 3142 882 3227 die;
908 3143 1007 3216 unde
1031 3156 1174 3240 specta

131 3267 253 3330 torum
270 3279 407 3353 magna
422 3256 621 3330 multitudo
644 3257 778 3352 partim
796 3282 819 3330 a
835 3258 955 3331 calore
972 3258 1106 3353 partim
1126 3258 1173 3329 ab

133 3368 213 3465 ipsa
244 3367 428 3464 tragoedia
459 3368 498 3440 in
529 3368 669 3441 febrem
705 3368 918 3458 incidentes,
950 3368 1050 3442 aliud
1082 3366 1173 3440 nihil

134 3480 255 3554 dicere
272 3491 472 3578 potuerunt
496 3492 630 3576 praeter
647 3480 799 3571 iambos,
818 3505 908 3577 quos
925 3483 971 3555 ab
988 3481 1174 3554 actoribus

134 3593 172 3666 in
201 3592 385 3689 tragoedia
414 3592 608 3667 audierant
638 3594 834 3678 recitatos3
870 3595 916 3668 ab
952 3595 1021 3667 hac
1052 3605 1191 3672 autem,

136 3708 277 3780 insania
309 3709 588 3802 superveniente
629 3707 760 3804 hyeme
800 3708 945 3782 liberati
978 3719 1092 3790 sunt;
1137 3718 1175 3780 et

135 3820 288 3916 proinde
304 3819 384 3892 visa
411 3831 466 3893 est
491 3820 712 3916 processisse
737 3821 783 3893 ab
801 3821 864 3893 illa
880 3819 1048 3916 passione
1066 3843 1175 3914 quam

135 3933 266 4007 animis
283 3944 532 4029 spectatorum
555 3933 788 4029 impresserat
809 3931 1001 4029 tragoedia.
1053 3932 1176 4006 Etiam

136 4046 174 4118 in
192 4045 342 4119 civitate
360 4045 432 4118 alia
448 4046 577 4119 Graeca
593 4046 744 4119 insaniae
762 4046 901 4142 species
918 4045 990 4118 alia
1006 4046 1175 4141 quaedam

136 4172 218 4233 orta
244 4171 313 4248 est,
341 4184 423 4256 quae
447 4160 485 4232 in
516 4160 806 4233 adolescentulas
833 4158 997 4231 incidens
1021 4159 1110 4232 fecit
1133 4170 1175 4232 ut

136 4298 263 4348 earum
281 4274 405 4347 multae
428 4298 467 4348 se
490 4273 759 4371 suspenderint.
812 4273 895 4344 Hoc
917 4286 1041 4346 autem
1058 4298 1081 4346 a
1097 4272 1175 4368 plu-
