2926 4980
462 358 516 409 nu
536 357 742 410 osvin-Anu.
1057 346 1126 411 163

80 538 207 597 tamen
232 523 286 597 ita
311 524 440 597 vivunt
464 534 641 621 perpetuo
668 548 711 597 ac
735 524 766 597 si
783 525 919 598 bellum
938 537 1044 615 esset,
1061 550 1125 622 pa·
1156 560 1232 608 cip,
1246 559 1320 609 χχι,

81 637 153 710 rati
169 636 220 709 od
235 660 412 732 pugnam,
439 638 635 711 tormentis
661 637 801 711 bellicis
829 651 960 712 contra
986 639 1125 714 vicinos
1167 644 1310 746 ,M

81 749 328 846 undequaque
346 751 545 824 collocatis
598 751 728 846 ltaque
744 775 864 848 neque
890 753 1124 827 Atheniensis
1166 769 1252 811 aaa

81 887 201 958 neque
220 863 409 937 Romanus
424 864 619 960 quisquam
638 862 736 935 liber
749 888 771 936 a
783 863 932 961 legibus
950 878 1042 956 erat,
1060 868 1125 941 sed

82 976 251 1050 civitates
269 1000 410 1050 eorum.
463 979 507 1050 ln
524 977 641 1074 portis
666 978 853 1074 murisque
871 980 972 1052 urbis
990 980 1124 1055 Luccae

82 1090 151 1162 etsi
176 1089 400 1164 inscribatur
417 1092 560 1187 magnis
578 1090 852 1164 characteribus
869 1092 1123 1184 LIBERTAS,

82 1202 280 1277 Luccensis
290 1216 414 1277 tamen
425 1229 533 1278 nemo
546 1207 683 1299 majore
694 1204 864 1278 libertate
875 1205 1124 1303 fruiturquam

82 1315 511 1414 constantinopolitanus
526 1354 535 1403 ;
553 1319 749 1415 utrobique
763 1319 861 1392 enim
875 1320 1017 1416 legibus
1036 1322 1124 1395 civi-

81 1429 177 1503 libus
191 1430 418 1505 vinciuntur.

132 1544 243 1617 Dulci
259 1556 384 1617 autem
401 1546 548 1618 nomine
565 1545 745 1618 libertatis
761 1544 871 1617 facile
891 1544 1125 1642 decipiuntur

79 1654 260 1745 homines,
279 1657 343 1753 qui
354 1656 579 1753 distinguere
593 1657 810 1746 nescientes,
830 1657 869 1731 id
886 1657 1124 1754 quodcivita-

80 1770 129 1860 tis
162 1771 277 1845 solius
308 1774 371 1868 jus
406 1782 463 1844 est
495 1795 563 1867 pro
598 1795 665 1843 sua
695 1771 874 1865 cujusque
907 1771 1124 1846 haereditate

78 1883 225 1979 privata
236 1884 308 1956 sibi
317 1895 503 1980 arrogant.
532 1885 607 1958 Qui
622 1906 724 1955 error
737 1884 882 1979 quoties
900 1885 1123 1959 authoritate

78 2017 220 2084 eorum,
239 1996 304 2092 qui
337 2008 488 2093 propter
519 2020 563 2068 ea
596 2020 679 2092 quae
712 1995 938 2091 scripserunt
971 1999 1123 2094 politica

77 2108 243 2182 celebres
270 2120 368 2198 sunt,
400 2111 649 2195 confirmatur,
680 2109 887 2181 mirandum
909 2134 984 2183 non
1009 2123 1066 2183 est
1092 2114 1121 2185 si

76 2221 299 2296 seditionem
317 2233 354 2294 et
372 2233 488 2295 status
506 2221 747 2294 mutationem
763 2222 894 2317 pariat.
947 2223 990 2295 In
1008 2226 1122 2320 parti-

77 2335 147 2408 bus
165 2336 265 2409 orbis
287 2348 468 2409 terrarum
491 2335 654 2409 occiduis
683 2335 872 2430 opiniones
902 2346 1044 2410 nostras
1076 2338 1121 2411 de

77 2448 314 2522 institutione
348 2462 387 2522 et
418 2450 562 2548 juribus
598 2449 791 2522 civitatum
826 2449 1034 2545 accepimus
1074 2453 1119 2524 ab

78 2561 291 2650 Aristotele,
324 2562 512 2650 Cicerone,
530 2561 682 2656 aliisque
708 2561 844 2635 Graecis
870 2574 907 2634 et
926 2563 1120 2650 Romanis;

78 2676 144 2771 qui
155 2699 241 2748 cnm
252 2674 430 2770 degerent
443 2675 481 2747 in
493 2675 703 2747 civitatibus
714 2673 970 2749 democraticis
982 2690 1020 2749 et
1034 2679 1122 2752 aris·

77 2788 280 2873 tocraticis,
294 2789 380 2884 jura
396 2788 458 2861 illa
475 2810 550 2860 non
563 2787 783 2883 aprincipiis
801 2798 943 2862 naturae
961 2789 1121 2865 deduxe-

78 2914 180 2987 runt,
199 2899 265 2973 sed
275 2925 383 2973 usum
400 2911 438 2973 et
450 2900 754 2973 consuetudinem
769 2901 960 2974 civitatum
972 2928 1120 2979 suarum

78 3013 118 3085 in
136 3012 249 3086 libros
281 3035 367 3085 suos
387 3013 557 3108 politicos
584 3013 903 3108 transcripserunt,
921 3038 995 3087 non
1015 3017 1120 3090 aliter

80 3150 193 3222 quam
208 3126 353 3222 regulas
370 3125 545 3222 loquendi
563 3149 608 3199 ex
624 3149 694 3198 usu
719 3127 893 3222 temporis
911 3129 966 3201 sui
984 3129 1119 3203 descri-

78 3240 168 3314 bere
179 3241 298 3314 solent
308 3241 550 3336 grammatici.
570 3239 754 3314 Quoniam
765 3263 852 3335 ergo
866 3241 1118 3331 Athenienses,

79 3365 283 3427 aestatum
306 3365 448 3426 mutare
466 3365 655 3449 cuperent,
673 3352 806 3425 liberos
823 3354 920 3426 solos
951 3378 1028 3427 esse
1056 3379 1119 3429 eos

80 3466 201 3562 quiin
232 3467 380 3540 civitate
410 3467 575 3538 viverent
603 3465 783 3562 populari,
814 3490 1010 3562 servosque
1041 3492 1119 3541 esse

79 3579 143 3674 qui
157 3580 223 3651 sub
238 3579 439 3652 monarcha
455 3589 588 3667 essent,
604 3578 853 3661 docebantur;
881 3579 964 3652 ideo
981 3581 1119 3653 Aristo·

78 3693 170 3766 teles
182 3693 233 3782 (in
247 3691 363 3766 Polit.
377 3693 456 3766 Lib.
469 3715 527 3781 VI,
541 3716 621 3787 cap.
634 3692 674 3784 2)
688 3691 895 3765 libertatem
909 3694 1066 3788 supponi
1079 3694 1118 3765 in

80 3805 306 3880 democratia
339 3805 496 3902 scripsit,
523 3804 780 3899 neminemque
803 3805 841 3876 in
869 3805 941 3877 alia
961 3805 1117 3879 civitatis

79 3919 197 3993 forma
223 3944 303 3995 esse
330 3920 499 3994 liberum.
552 3919 657 3991 Sicut
679 3929 802 3990 autem
820 3918 1047 4007 Aristoteles
1066 3920 1118 3993 ita

80 4058 226 4132 qnoque
244 4034 374 4108 Cicero
393 4034 527 4128 aliique
550 4032 745 4128 scriptores
772 4018 960 4127 politicam
983 4032 1118 4105 doctri·

79 4170 165 4221 nam
177 4171 281 4221 suam
292 4170 403 4243 super
414 4146 663 4220 Romanorum
674 4144 977 4217 consuetudinem
986 4144 1118 4220 funda-

79 4272 232 4346 verunt;
259 4261 324 4356 qni
338 4260 493 4334 Romani
506 4258 756 4333 monarchiam
775 4257 894 4331 odisse
912 4258 1117 4334 didicerant

934 4393 966 4443 M
986 4391 1002 4436 2
