2926 4980
512 416 567 468 nn
586 414 772 467 nonme.
1117 393 1166 472 97

119 589 263 683 Galliae)
283 611 402 685 regno
418 586 557 685 privari
573 583 706 682 posse?
744 583 906 656 Clericos
924 592 961 655 et
978 580 1165 677 regulares
1204 611 1282 660 cip,
1296 610 1360 660 mr.

120 705 159 778 in
172 726 285 777 causa
295 701 462 775 criminis
474 724 498 773 a
508 698 722 796 cognitione
732 696 832 770 civili
849 705 1039 791 exemptos
1053 693 1163 767 esse?
1197 692 1349 812 ὦ

122 815 379 913 Indulgentiae,
400 814 525 887 missae
550 812 715 909 privatae,
734 810 877 906 aliaque
894 810 1011 882 multa
1027 809 1164 907 populo

121 930 170 1004 ud
190 930 347 1003 sulutem
372 951 450 1000 non
475 925 693 1011 necessaria,
711 948 784 1020 quo
806 923 974 1012 tendant,
993 935 1032 995 et
1049 945 1166 1018 quan-

123 1056 198 1118 tam
224 1042 273 1116 ad
295 1038 587 1137 extinguendam
611 1038 733 1126 fidem,
751 1036 862 1110 etiam
887 1035 1165 1125 vivacissimam,

124 1158 197 1230 vim
216 1156 390 1244 habeant,
422 1153 494 1226 nisi
526 1177 549 1225 n
577 1162 760 1249 potestate
785 1150 882 1224 civili
907 1162 945 1223 et
970 1161 1166 1223 consuetu-

124 1271 207 1343 dine
218 1270 420 1357 foveretur,
439 1290 549 1339 nemo
567 1276 624 1338 est
641 1264 704 1361 qui
721 1287 796 1337 non
814 1263 997 1360 intelligit.
1037 1264 1166 1358 Itaque

126 1382 364 1456 mutationum
383 1380 424 1455 in
441 1378 679 1476 religionibus
695 1401 807 1451 unam
824 1376 953 1449 videor
968 1376 1059 1450 mihi
1083 1401 1167 1450 cau·

124 1519 197 1569 som
212 1494 401 1591 assignare
415 1515 536 1589 posse,
550 1491 716 1588 ingratos
726 1489 949 1563 sacerdotes.

499 1991 661 2066 CAPUT
685 1991 791 2064 XIII.

140 2170 185 2220 nrt
201 2166 426 2218 CONDITIONE
451 2165 605 2215 GENERIS
623 2164 780 2230 HUMANI,
798 2167 974 2223 QUANTUM
995 2168 1149 2218 ΑΤΤΙΝΕΤ

322 2269 372 2317 ΑΙ)
389 2266 629 2317 ΡΕΗΟΙΤΑΤΕΜ
649 2266 851 2316 PRAESENTIS
862 2267 967 2318 VI'I'AE.

123 2386 218 2460 'qu
232 2384 399 2480 corporis
412 2392 492 2456 tum
505 2382 636 2454 animae
648 2382 885 2456 facultatibus
902 2383 994 2457 adeo
1008 2383 1166 2479 aeqnales

126 2499 221 2573 inter
247 2521 288 2570 se
309 2495 487 2593 produxit
512 2506 646 2568 natura
666 2495 846 2585 homines,
863 2507 906 2570 ut
924 2497 1088 2592 quamvis
1105 2497 1166 2570 alii

126 2610 205 2685 uiiis
221 2610 362 2684 viribus
389 2620 453 2683 aut
481 2609 629 2705 ingenio
651 2621 839 2704 praestent‚
858 2609 890 2684 si
906 2620 1031 2683 tamen
1045 2611 1168 2685 omnia

128 2724 233 2798 simul
244 2721 748 2811 considerentur‚differentia
758 2733 862 2796 tanta
871 2746 948 2797 non
959 2737 1016 2796 est
1028 2739 1070 2797 ut
1082 2748 1168 2821 pro-

127 2838 274 2911 mittere
291 2836 361 2909 sibi
379 2835 562 2908 commodi
585 2835 781 2931 quicquam
799 2837 916 2932 possit
943 2862 1049 2928 unuS,
1068 2838 1169 2935 quod

128 2951 218 3024 nlius
246 2973 394 3047 sperare
422 2973 527 3045 aeque
556 2973 631 3021 non
655 2960 791 3044 potest.
845 2950 956 3024 Quod
973 2953 1104 3027 attinet
1121 2952 1169 3025 ad

128 3065 201 3137 vim
214 3086 442 3159 corpoream,
452 3086 537 3136 raro
550 3061 713 3135 invenias
733 3062 919 3136 hominem
936 3065 989 3137 ita
1004 3065 1169 3140 imbecil-

128 3177 214 3266 lum,
227 3188 274 3248 ut
289 3175 531 3249 fortissimum
548 3198 623 3248 non
639 3175 757 3271 possit
770 3176 977 3250 interficere
992 3180 1052 3252 rel
1069 3179 1167 3270 dolo,

128 3290 186 3362 vel
215 3287 476 3385 conjunctione
507 3312 590 3361 cum
617 3287 698 3361 aliis
727 3289 859 3385 quibus
881 3291 1086 3385 periculum
1113 3305 1168 3365 est

130 3425 332 3478 commune.
360 3397 472 3476 Quod
485 3414 610 3474 autem
623 3401 759 3474 attinet
775 3402 823 3475 ad
838 3402 1032 3478 facultates
1042 3405 1167 3495 animi,

133 3516 344 3611 (verborum
353 3514 505 3604 artibus,
516 3513 556 3586 id
572 3526 640 3605 est,
654 3515 890 3588 scientiarum
906 3517 1043 3613 regulis
1060 3542 1170 3614 gene-

130 3630 264 3703 ralibus
281 3627 457 3723 exceptis,
475 3652 564 3723 quas
580 3628 690 3724 pauci
704 3642 743 3701 et
759 3629 798 3702 in
816 3631 924 3703 rebus
940 3631 1169 3726 paucissimis

130 3741 330 3840 possident,
348 3753 391 3813 ut
417 3765 500 3837 quae
522 3766 591 3814 nec
618 3742 811 3817 nobiscum
835 3756 934 3817 natae
958 3745 1045 3834 sint,
1063 3769 1170 3820 neca

129 3855 326 3953 prudentia
353 3854 432 3926 sine
455 3855 576 3928 studio
605 3857 825 3952 acquisitae),
844 3859 1021 3954 majorem
1049 3859 1170 3932 adhue

129 3968 276 4042 invenio
304 3967 564 4064 aequalitatem.
627 3970 827 4044 Prudentia
856 3972 954 4044 enim
977 3973 1096 4045 omnis
1123 3974 1171 4046 ab

131 4082 359 4179 experientia
374 4094 442 4172 est,
460 4095 499 4155 et
521 4083 690 4157 omnibus
712 4086 844 4181 aequaIi
868 4096 1035 4182 tempore
1060 4087 1099 4159 in
1126 4086 1172 4159 iis

130 4196 251 4284 rebus,
272 4193 405 4290 quibus
432 4194 595 4268 animum
619 4196 809 4292 aequaliter
832 4199 1030 4295 applicant,
1048 4224 1172 4296 aequa·

130 4308 215 4383 liter
228 4307 594 4385 tribuituranatura.
647 4310 800 4399 Idvero,
814 4312 914 4407 quod
926 4313 1174 4408 aequalitatem

230 4441 326 4494 von.
346 4442 405 4494 ιιι.
1045 4450 1073 4503 11
