2926 4980
503 353 557 405 nn
577 353 760 405 nournn.
1097 333 1163 399 125

121 520 263 594 sionem
303 520 474 594 civitatis.
535 521 751 595 Authoritas
785 519 882 592 enim
915 517 1098 590 tutoribus
1128 526 1166 588 et
1193 544 1270 595 cnr.
1282 543 1356 594 xm.

122 634 358 708 curatoribus
375 635 456 707 dari
473 659 547 708 non
563 647 685 731 potest
702 633 773 706 nisi
787 633 870 729 jure
888 630 998 703 civili.
1193 628 1349 748 „AE

175 748 282 835 Idoli,
300 747 339 820 id
357 761 414 820 est
429 748 522 822 meri
547 747 725 843 figmenti,
744 746 868 841 quales
887 756 992 817 erant
1009 743 1061 817 dii
1077 768 1164 840 gen·
1193 754 1361 800 aerumnas

125 862 231 950 tium,
249 883 418 956 personae
440 860 543 933 fuere
569 860 791 948 constitutae,
807 882 889 953 quae
906 858 1003 931 bona
1020 857 1170 930 mobilia

125 987 165 1047 et
191 974 394 1046 immobilia
420 985 458 1046 et
478 974 563 1070 jura
588 982 787 1046 tenuerunt
811 971 918 1044 idolis
943 983 1168 1044 consecrata.

128 1087 272 1161 ldolum
289 1097 427 1177 autem,
438 1111 524 1160 cum
541 1088 589 1160 sit
604 1087 707 1175 nihil,
719 1086 855 1158 nullius
868 1086 922 1157 rei
939 1085 1073 1158 author
1090 1108 1169 1157 esse

127 1202 257 1298 potuit.
310 1201 584 1274 Authoritatem
602 1200 784 1274 dederunt
800 1199 977 1272 civitates.

179 1314 300 1386 Etiam
331 1314 401 1386 Dei
429 1315 507 1386 veri
537 1337 695 1410 persona
726 1312 869 1408 geritur
899 1324 936 1385 et
965 1324 1070 1407 gesta
1101 1323 1168 1383 est.

130 1427 313 1499 Mundum
327 1426 425 1498 enim
442 1427 482 1498 in
498 1426 647 1523 propria
659 1449 816 1522 persona
833 1426 991 1498 creavit:
1018 1425 1057 1496 in
1074 1423 1170 1496 redi-

130 1538 263 1612 mendo
292 1562 428 1634 genere
455 1539 615 1612 humano
638 1562 832 1635 personam
849 1538 919 1611 Dei
935 1538 1049 1634 gessit
1064 1538 1171 1610 Jesus

130 1652 319 1726 Christus:
346 1653 386 1725 in
403 1653 528 1726 eleotis
538 1652 809 1726 sanctificandis
823 1652 986 1750 ejusdem
1003 1650 1072 1723 Dei
1089 1675 1167 1747 per·

130 1789 257 1838 sonam
284 1765 397 1860 gessit
424 1765 580 1860 Spiritus
607 1767 786 1839 Sanetus:
814 1765 853 1838 id
873 1763 972 1860 quod
997 1763 1172 1837 doeemur

131 1879 171 1952 in
197 1878 422 1951 catechismo
447 1879 606 1974 publico,
630 1903 774 1974 nempe,
801 1878 958 1952 eredere
989 1878 1027 1950 iu
1053 1877 1173 1950 Deum

132 1993 300 2081 Patrem,
319 1992 384 2088 qui
413 1993 557 2064 creauit
582 2016 638 2064 me
663 2001 834 2064 ettotam
859 1991 1028 2064 muudum
1039 2018 1053 2074 ;
1080 2001 1118 2063 et
1136 1990 1173 2063 in

132 2105 253 2177 Deum
271 2104 421 2194 Filium,
440 2105 505 2201 qui
531 2104 690 2177 redemit
712 2128 768 2176 me
786 2114 823 2175 el
841 2114 956 2177 totum
970 2127 1091 2201 genua
1109 2105 1175 2176 llu-

133 2241 276 2289 manum
291 2244 306 2300 ;
333 2226 372 2289 el
385 2216 423 2288 in
438 2216 623 2312 Spiritum
637 2215 825 2304 Sanctum,
838 2217 903 2313 qui
922 2215 1175 2310 sanctificavit

134 2355 190 2403 me
206 2341 244 2403 et
263 2352 402 2402 omnem
424 2329 580 2403 electum
590 2328 773 2428 populum
789 2329 877 2402 Dei.

160 2452 165 2459 ’
183 2444 307 2516 Etiam
324 2443 484 2538 plurium
497 2442 687 2516 hominum
704 2443 747 2514 fit
759 2466 834 2514 una
849 2466 1018 2537 persona,
1029 2442 1176 2538 quando

137 2568 426 2654 repraesentatur
444 2557 489 2629 ab
507 2580 582 2628 uno
601 2556 663 2651 qui
678 2555 789 2628 habet
806 2581 829 2628 a
844 2556 996 2651 singulis
1013 2557 1177 2630 authori-

138 2683 262 2743 tatem.
307 2670 395 2742 Non
411 2669 509 2742 enim
524 2669 788 2765 repraesentati,
800 2668 865 2742 sed
881 2671 1176 2766 repraesentantis

137 2785 258 2856 unitos
276 2793 345 2872 est,
364 2806 447 2877 quae
474 2805 670 2878 personam
691 2781 781 2855 facit
801 2806 880 2855 esse
897 2806 1033 2868 unam;
1059 2808 1178 2881 neque

138 2898 259 2970 unitas
276 2896 349 2969 alio
366 2896 476 2968 modo
494 2896 533 2968 in
550 2895 785 2968 multitudine
799 2896 955 2992 intelligi
972 2910 1105 2993 potest.

188 3007 375 3084 Quoniam
392 3019 515 3080 autem
533 3007 729 3081 multitudo
741 3010 958 3083 naturaliter
975 3035 1050 3083 non
1064 3036 1179 3084 unum

139 3122 302 3218 aliquod,
317 3121 382 3194 sed
394 3121 501 3194 multi
511 3132 618 3206 sunt;
637 3146 712 3195 non
725 3147 831 3212 unuS,
843 3123 907 3196 sed
920 3125 1037 3214 multi,
1049 3149 1179 3222 nempe

140 3235 287 3332 singuli,
315 3235 486 3309 authores
516 3246 602 3309 sunt
628 3259 756 3309 eorum
784 3260 866 3331 quae
896 3238 986 3310 dicit
1005 3238 1063 3309 vel
1092 3238 1180 3311 facit

141 3360 258 3439 actor,
278 3349 341 3444 qui
358 3359 414 3421 est
430 3372 588 3445 persona
611 3351 708 3445 ipsos
726 3361 1004 3445 repraesentans.
1058 3351 1181 3436 Unus-

142 3461 295 3557 quisque
313 3461 410 3533 enim
434 3485 561 3533 eorum
590 3462 775 3534 communi
802 3463 918 3535 actori
937 3486 1003 3535 suo
1021 3461 1182 3535 authori-

145 3585 261 3648 tatem
278 3574 409 3646 tribuit
426 3598 539 3646 suam.
592 3575 658 3648 Sin
683 3575 888 3648 authoritas
913 3576 1019 3647 finita
1035 3576 1082 3648 sit
1099 3600 1181 3670 quae

144 3686 330 3775 tribuitur,
356 3688 489 3759 author
516 3689 670 3784 quisque
701 3700 756 3761 est
782 3689 925 3761 illarum
955 3689 1182 3762 solummodo

144 3800 330 3872 actionum
348 3823 431 3894 quae
448 3801 486 3872 in
504 3802 685 3875 mandatis
702 3802 948 3875 continentur.

196 3911 235 3983 Si
248 3924 351 3985 actor
361 3936 425 3984 seu
435 3938 592 4009 persona
601 3915 734 3988 nonsit
747 3916 974 4004 unushomo,
989 3917 1052 3989 sed
1066 3927 1183 3990 coetus

145 4024 347 4116 hominum,
366 4037 455 4100 tunc
472 4052 544 4100 vox
569 4029 684 4124 partis
712 4029 861 4125 majoris
890 4028 1104 4125 accipienda
1129 4041 1185 4102 est

145 4161 214 4233 pro
230 4162 320 4212 voce
337 4161 514 4234 personae.
566 4141 662 4213 Nam
677 4141 707 4214 si
721 4165 805 4237 pars
822 4142 942 4215 minor
958 4144 1184 4238 pronuntiet,

148 4251 305 4349 exempli
332 4275 453 4341 causa,
481 4254 708 4344 affirmative,
735 4254 852 4349 major
879 4257 1060 4352 negative,
1079 4280 1185 4330 voces
