2926 4980
317 362 391 437 {N
564 364 617 415 DE
636 365 779 416 RBGNO
798 362 1102 417 TRNRBBARUM·

143 594 195 643 υ.
210 582 301 635 m,
316 540 392 617 orit
408 530 554 609 mlum
571 538 704 602 contro
721 529 858 604 Filium
870 530 1040 619 hominia,
1057 529 1287 603 remittetur
1304 529 1368 603 ei:

121 626 128 639 ⁸
232 652 382 767 :qui
404 654 527 721 aufem
551 641 696 715 dixerit
712 654 847 717 contra
873 644 1055 743 Spiritum
1077 642 1275 734 Sanctum,
1293 668 1368 716 non

137 744 213 781 *⁴⁸*
126 736 274 855 „msam
319 760 527 839 remittetur
544 754 592 842 ei,
609 780 727 852 aeque
741 757 779 829 ia
796 756 1000 831 hocaeculo
1000 755 1367 854 ,nequeiafutura

126 824 284 977 {gfff
270 878 349 959 ..11
354 872 427 949 nde
442 867 553 943 infert
570 867 813 942 Bellarminus
829 873 1081 967 purgatorium
1092 893 1173 943 esse
1190 870 1366 943 seculum

125 994 290 1053 ww*
318 992 493 1065 futurum.
546 980 717 1054 Seculum
740 996 864 1057 autem
880 983 1046 1057 futurum
1061 982 1153 1056 illud
1171 996 1245 1071 est,
1261 983 1367 1079 quod

318 1104 550 1195 incepturum
566 1106 622 1167 est
638 1118 661 1167 a
686 1095 746 1170 die
767 1097 908 1193 judicii.
957 1098 1061 1171 '1¹unc
1077 1110 1205 1170 autem
1220 1120 1366 1193 purga-

317 1214 453 1293 torium
470 1208 610 1280 nullum
623 1207 713 1298 fore,
732 1211 968 1284 consentiunt
983 1232 1120 1284 omnes.
1153 1208 1262 1283 Quid
1272 1232 1366 1305 eigo

317 1325 526 1423 significant
538 1320 649 1393 verba
659 1320 721 1394 illa
735 1323 939 1397 Servatoris
955 1323 1101 1398 nostri?
1128 1322 1270 1397 Nescio
1281 1323 1366 1420 qui-

318 1442 424 1519 dem;
443 1435 519 1507 scio
533 1446 656 1506 autem
670 1436 769 1530 qnod
783 1461 858 1510 non
873 1437 1080 1533 significant
1088 1435 1363 1533 purgatorium.

321 1548 556 1627 Manifestum
573 1560 630 1619 est
657 1548 835 1643 Spiritum
859 1552 1047 1639 Sanctum,
1066 1550 1215 1622 tertiam
1232 1574 1365 1645 perso-

319 1689 405 1741 nam
421 1660 626 1749 Trinitatis,
640 1662 790 1735 missum
808 1687 887 1736 esse
904 1663 1143 1751 Paracletum,
1158 1687 1204 1736 eo
1216 1663 1309 1753 fine,
1322 1676 1366 1736 nt

320 1776 482 1853 ccclesiae
495 1797 611 1869 usque
632 1774 810 1848 adfinem
829 1775 958 1849 mandi
973 1777 1183 1859 assisteren
1210 1788 1250 1850 et
1274 1800 1364 1872 pro-

321 1891 419 1977 inde,
436 1887 688 1984 blasphemare
707 1889 745 1961 in
757 1889 935 1985 Spiritum
947 1891 1122 1963 Sanctum
1135 1913 1212 1962 non
1223 1890 1366 1986 impro-

318 2003 397 2101 prie
416 2000 489 2074 dici
501 2025 607 2098 posse
623 2002 876 2098 blasphemare
893 2004 932 2076 in
945 2002 1148 2076 ecclesiam.
1200 2001 1366 2076 Videtur

320 2139 408 2209 ergo
425 2115 496 2186 hoc
513 2115 594 2187 loco
613 2116 786 2189 Servator
814 2128 940 2189 noster
957 2139 1061 2189 suam
1078 2115 1191 2212 ipsius
1216 2115 1259 2187 in
1274 2140 1365 2212 pec-

320 2228 411 2303 catis
430 2228 680 2302 condonandis
705 2230 894 2304 lenitatem
920 2241 958 2302 et
982 2229 1197 2302 facilitatem
1212 2252 1366 2325 compa-

320 2364 402 2414 rare
419 2366 502 2415 cum
520 2343 713 2416 severitate
735 2356 926 2439 pastorum
957 2342 1121 2416 ecolesiae
1150 2365 1241 2438 erga
1266 2342 1365 2431 illae,

321 2454 384 2549 qui
401 2455 661 2528 authoritatem
672 2480 798 2529 eorum
815 2456 1040 2554 spiritualem
1054 2456 1158 2553 parvi
1168 2455 1365 2529 facerent:

320 2580 495 2663 tanquam
513 2569 675 2658 dixisset,
696 2576 719 2607 “
732 2570 821 2659 VoS,
840 2571 902 2666 qui
926 2581 1146 2667 potestatem
1165 2593 1287 2641 meam
1305 2592 1365 2640 as-

321 2683 536 2776 pernamini,
553 2707 630 2771 vos,
655 2684 717 2777 qui
729 2708 788 2756 me
799 2683 1042 2772 crucifixistis,
1054 2682 1196 2778 quoties
1207 2705 1273 2754 vos
1283 2706 1367 2777 poe-

322 2794 466 2883 nitebit,
490 2810 528 2866 et
554 2794 601 2866 ad
619 2820 676 2867 me
694 2819 760 2890 per
779 2796 1065 2890 resipiscentiam
1084 2796 1367 2882 convertemini,

324 2907 608 2979 misericordiam
621 2932 741 2979 meam
759 2909 948 2980 sentietis:
976 2908 1120 3004 quodsi
1139 2919 1368 3003 potestatem

324 3043 460 3106 eorum,
479 3020 541 3114 qui
555 3043 621 3091 vos
635 3020 788 3114 posthac
802 3021 991 3093 docebunt
1005 3022 1043 3092 in
1054 3021 1191 3093 virtute
1204 3020 1368 3116 Spiritus

326 3132 463 3219 Sancti,
482 3131 672 3226 negabitis
691 3147 800 3203 erunt
827 3132 879 3204 illi
910 3133 1161 3219 inexorabiles
1188 3157 1309 3229 neque
1327 3134 1367 3207 in

323 3246 394 3317 hoc
412 3245 550 3317 mundo
575 3242 677 3316 vobis
703 3243 905 3341 ignoscent,
935 3245 999 3318 sed
1026 3245 1104 3318 sine
1132 3246 1368 3320 absolutione

324 3359 527 3455 puniendos
545 3357 764 3452 relinquent,
778 3371 955 3453 quantum
969 3359 1007 3431 in
1020 3359 1092 3431 illis
1103 3372 1170 3447 est,
1187 3358 1225 3432 in
1240 3360 1368 3433 seculo

323 3474 482 3546 futuro.”
526 3477 647 3568 Atque
664 3472 718 3545 ita
733 3473 844 3544 verba
862 3472 924 3545 illa
942 3473 1144 3546 Servatoris
1160 3472 1280 3545 nostri
1295 3497 1369 3568 pro

324 3585 562 3682 praedictione
576 3586 651 3658 sive
668 3586 863 3681 prophetia
880 3586 974 3658 sumi
987 3597 1142 3682 possunt
1159 3586 1369 3659 severitatis

325 3700 514 3772 hominum
532 3699 860 3773 ecclesiasticorum
879 3700 918 3772 in
943 3724 1059 3796 reguo
1078 3698 1265 3772 Pontificis
1291 3698 1368 3771 Ro-

326 3813 435 3886 mani.
489 3813 590 3885 Citat
617 3823 798 3907 praeterea
825 3814 937 3885 verba
965 3814 1001 3885 S.
1021 3812 1123 3885 Pauli
1144 3814 1180 3904 (1
1203 3811 1287 3885 cor.
1306 3836 1367 3885 xv.

327 3931 417 4018 29):
455 3925 598 4022 alioqui
625 3925 717 4019 quid
728 3925 898 4022 fitcient,
929 3926 994 4023 qui
1023 3925 1266 4024 baptizantur
1288 3948 1369 4022 pro

326 4041 491 4128 mortuis,
509 4039 543 4110 ai
561 4039 703 4110 omnino
717 4039 852 4111 mortui
863 4064 933 4111 oon
948 4042 1191 4137 recargonf?
1261 4036 1310 4108 Ur
1328 4047 1368 4109 et

326 4155 420 4250 qaid
435 4153 676 4250 boptiaantnr
693 4150 805 4223 etiam
816 4175 893 4247 pro
912 4150 1026 4224 illia?
1081 4151 1154 4224 Sed
1168 4149 1258 4222 nihil
1276 4148 1367 4221 dici-

326 4280 387 4340 tur
418 4268 463 4339 de
491 4265 715 4361 purgatorio.
784 4264 917 4337 Inferri
947 4265 1094 4359 quidem
1121 4265 1207 4337 hinc
1230 4274 1366 4359 potest,
