2926 4980
504 377 558 430 ns
577 376 784 430 crwrnrn.
1088 363 1151 430 161

113 554 192 616 tem
201 540 384 615 voluntati
397 540 566 614 humauae
579 541 840 636 imponeret,et
852 565 917 638 per
928 565 1153 638 consequens
1176 583 1339 634 cmm,

115 654 323 729 actionibus
346 654 517 726 omnibus
539 654 585 726 ab
611 677 655 726 ea
671 653 976 749 dependentibus;
1006 655 1154 729 libertas
1194 667 1322 751 “J“

115 767 316 843 voluntatis
325 767 497 840 humanae
507 767 808 862 omnipotentiam
818 777 855 840 et
865 769 1154 842 omniscientiam
1196 738 1337 852 Eilffim

116 893 156 955 et
167 882 377 955 libertatem
387 880 459 952 Dei
471 880 627 953 tolleret.
673 880 794 974 Atque
807 881 899 969 haec,
913 893 1093 976 quatenus
1108 883 1155 955 ad

117 996 326 1070 institutum
343 1017 517 1091 praesens,
536 993 582 1067 de
598 993 756 1066 naturali
774 1006 812 1067 et
828 995 975 1090 proprie
993 995 1092 1068 dicta
1108 995 1154 1068 li-

117 1109 263 1182 bertae
276 1107 666 1203 disputatasufficiant.

168 1218 489 1296 Quemadmodum
505 1233 627 1291 autem
649 1218 815 1292 homines
830 1220 931 1315 pacis
951 1235 989 1294 et
1012 1246 1156 1295 conser-

116 1334 274 1408 vationis
291 1358 367 1407 suae
384 1356 494 1405 causa
508 1332 694 1405 hominem
710 1333 878 1406 fecerunt
904 1335 1154 1429 artfficiolem,

117 1471 227 1543 quem
243 1458 380 1520 vocant
397 1445 593 1534 civitatem,
611 1445 664 1519 ita
680 1447 792 1518 etiam
809 1447 954 1520 vincula
972 1449 1155 1544 excogita·

117 1570 205 1633 runt
230 1557 448 1646 artificialia,
474 1582 557 1653 quae
581 1570 760 1631 vocantur
778 1559 877 1654 leges
899 1561 1045 1645 civiles;
1073 1585 1154 1656 quae

117 1672 266 1746 vincula
281 1671 351 1768 ipsi
367 1671 503 1744 mutuis
520 1671 616 1743 inter
632 1695 671 1743 se
688 1672 806 1767 pactis
823 1674 869 1746 ab
888 1697 961 1745 una
985 1687 1090 1770 parte
1107 1675 1155 1748 ad

116 1786 225 1876 illius,
244 1787 305 1859 cui
322 1809 500 1858 summam
519 1784 699 1857 dederunt
717 1796 949 1880 potestatem,
966 1787 1080 1877 labra,
1108 1790 1154 1860 ab

115 1901 236 1972 altera
251 1910 357 1995 parte
374 1897 423 1970 ad
440 1922 522 1970 suas
536 1897 697 1993 ipsorum
710 1921 816 1970 aures
830 1898 1038 1993 alligarunt.
1064 1901 1155 1973 Vin-

115 2013 202 2087 cula
218 2023 342 2086 autem
356 2012 448 2100 haec‚
463 2011 530 2084 etsi
541 2022 673 2083 natura
687 2034 752 2083 sua
764 2010 918 2107 fragilia,
930 2014 1019 2086 satis
1030 2027 1154 2086 tamen

116 2124 265 2199 tenacia
282 2135 379 2212 sunt,
406 2147 480 2196 non
506 2148 529 2196 a
550 2122 762 2197 difficultate
781 2123 846 2196 sed
862 2149 884 2197 a
900 2126 1062 2221 periculo
1081 2151 1154 2223 quo

116 2239 349 2335 frangantur.

167 2352 324 2424 Vincula
337 2352 416 2423 haee
433 2350 657 2446 artificialia
676 2375 719 2424 ea
735 2363 832 2441 sunt,
851 2377 933 2449 quae
951 2356 1086 2450 opponi
1097 2354 1154 2427 in·

117 2463 248 2561 telligo
258 2464 420 2537 libertati
437 2463 582 2537 civium.
621 2463 716 2536 Cum
731 2464 827 2535 enim
838 2465 1042 2539 actionibus
1054 2466 1153 2563 leges

117 2578 355 2676 praescribere
377 2576 554 2657 „omnibus
587 2575 808 2671 impossibile
836 2578 906 2662 sit;
942 2578 1154 2652 libertatem

117 2693 254 2766 babere
272 2689 361 2763 civis
380 2689 513 2763 dicitur
530 2689 578 2763 ad
603 2688 682 2762 illas
705 2690 879 2779 actiones
904 2691 949 2764 de
967 2693 1097 2786 quibus
1116 2694 1154 2765 in

117 2804 259 2900 legibus
285 2803 377 2876 nihil
403 2803 588 2891 definitur,
606 2802 701 2875 etad
718 2827 779 2876 eas
796 2804 903 2877 solas.
940 2806 983 2876 ln
994 2806 1050 2878 his
1065 2830 1153 2904 ergo

117 2917 315 3013 unicuique
333 2916 383 3005 id,
397 2915 497 3012 quod
514 2917 583 2989 sibi
600 2918 756 2989 maxime
771 2917 953 2990 videbitur
971 2919 1153 3013 expedire,

115 3031 239 3105 facere
255 3031 412 3105 liberum
429 3040 496 3103 est.
524 3030 589 3103 Sin
607 3029 652 3102 de
669 3030 837 3102 libertate
855 3032 1018 3126 corporis
1035 3056 1057 3104 a
1075 3056 1154 3104 car-

116 3168 201 3218 cere
218 3157 256 3218 et
273 3144 413 3217 catenis
430 3144 581 3217 libertas
599 3143 713 3216 civilis
731 3143 1009 3238 intelligeretur,
1027 3146 1153 3218 absur-

115 3258 267 3332 dissime
292 3269 605 3353 conquererentur
630 3256 909 3351 libertatemque
943 3257 1153 3352 flagitarent

116 3371 227 3446 hodie
244 3371 398 3444 rebelles
414 3370 542 3459 nostri,
555 3369 617 3465 qui
628 3393 672 3442 ea
682 3370 974 3442 manifestissime
987 3370 1152 3444 fruentes

116 3485 398 3559 rebellaverunt.
442 3483 607 3556 Libertas
620 3482 731 3580 igitur
744 3483 877 3557 civium
893 3484 932 3556 in
945 3483 990 3556 iis
1007 3494 1153 3556 tantum

114 3600 225 3672 rebus
242 3597 423 3687 consistit,
440 3621 531 3694 quas
558 3597 597 3670 in
619 3597 760 3693 legibus
777 3596 935 3670 ferendis
962 3597 1151 3693 legislator

115 3711 364 3809 praetermisit.

167 3824 334 3898 Libertas
350 3836 474 3897 tamen
491 3824 570 3897 haec
588 3823 715 3912 civilis,
729 3823 817 3919 quin
831 3824 873 3912 is,
892 3824 954 3919 qui
973 3846 1152 3896 summam

115 3939 228 4013 habet
243 3947 476 4035 potestatem,
494 3936 580 4010 vitae
606 3948 643 4009 et
668 3936 767 4010 necis
794 3936 927 4008 civium
951 3936 1086 4007 arbiter
1104 3936 1151 4009 sit

115 4050 379 4147 impedimento
396 4062 555 4122 nonest.
607 4049 805 4122 Ostensum
826 4049 921 4121 enim
940 4059 996 4120 est
1014 4047 1152 4120 civibus

115 4164 164 4237 ab
177 4188 232 4252 eo,
258 4163 322 4260 qui
347 4186 527 4237 summam
543 4162 655 4235 habet
672 4172 905 4258 potestatem,
923 4160 1034 4233 idest
1064 4161 1152 4233 civi-

115 4288 205 4366 tate,
222 4276 394 4373 injuriam
407 4275 487 4349 fieri
503 4299 578 4349 non
596 4299 702 4372 posse
717 4306 726 4359 ;
753 4273 821 4347 etei
839 4298 904 4370 per
921 4273 1151 4371 iniquitatem

215 4411 309 4464 vot.
325 4412 389 4463 ιιι.
1019 4410 1051 4461 nr
