2926 4980
362 407 416 458 DE
437 406 629 460 clvr'rA'rE
650 406 918 460 cnurs'rlsnn.
1084 389 1157 468 267

120 573 297 646 visionem
314 598 336 647 a
354 575 431 647 Deo
450 574 583 646 vidisse
600 584 663 646 aut
679 596 806 646 vocem
832 572 977 647 audisse
1001 595 1040 646 se
1057 573 1158 663 dicit,
1171 604 1369 655 usaxxxu.

121 686 318 760 somniasse
343 686 533 770 credetur;
559 709 657 782 saepe
683 686 782 759 enim
807 700 846 760 et
869 686 977 760 facile
994 687 1097 760 vanis
1121 701 1159 760 et

120 800 298 895 imperitis
320 799 527 871 hominibus
557 798 699 871 somnia
714 798 883 873 illudunt.
936 799 1011 874 Qui
1033 823 1159 897 super-

120 911 336 984 naturaliter
362 912 576 1008 inspiratam
605 912 674 984 sibi
705 936 782 985 esse
805 936 828 985 a
850 912 929 986 Deo
953 912 1160 986 doctrinam

120 1024 280 1119 aliquam
306 1048 438 1097 novam
462 1023 562 1112 dicit,
581 1048 603 1096 a
620 1024 842 1120 sapientibus
860 1025 998 1122 ingenii
1015 1026 1071 1098 sui
1095 1026 1160 1099 ad-

120 1137 313 1210 miratione
330 1137 489 1210 insanire
507 1136 744 1233 intelligetur.
796 1139 1015 1235 Quanquam
1036 1153 1160 1214 autem

121 1251 337 1338 insomnio,
363 1252 401 1323 in
428 1251 579 1334 visione,
606 1274 671 1347 per
695 1276 823 1325 vocem
851 1264 889 1324 et
914 1275 980 1348 per
1006 1253 1161 1350 inspira-

121 1363 260 1436 tionem
286 1364 469 1437 hominem
496 1364 631 1459 alloqui
654 1375 775 1461 potest
802 1365 901 1438 Deus
918 1366 1160 1462 omnipotens,

122 1476 259 1550 dicenti
287 1490 410 1549 tamen
439 1478 557 1550 Deum
587 1477 655 1549 sibi
683 1478 736 1550 ita
758 1478 952 1574 loquutum
977 1502 1055 1551 esse
1082 1503 1161 1552 ore-

124 1589 209 1663 dere
227 1590 409 1686 obligatur
431 1615 552 1679 nemo,
572 1591 710 1663 homini
734 1591 875 1664 seilicet
891 1592 954 1688 qui
972 1604 1010 1665 et
1027 1616 1161 1682 errare,

123 1716 161 1775 et
178 1703 281 1799 quod
292 1706 397 1799 pejus
416 1717 483 1791 est,
502 1703 650 1776 mentiri
667 1715 798 1799 potest.
837 1704 980 1779 Quibus
998 1730 1085 1802 ergo
1104 1729 1163 1779 ra-

122 1816 283 1890 tionibus
301 1817 378 1889 sine
396 1817 520 1889 divina
529 1817 751 1891 revelatione
768 1817 972 1913 intelligere
988 1819 1160 1915 possibile

122 1947 189 2019 est,
208 1931 289 2025 quis
307 1933 354 2003 sit
370 1931 428 2003 vel
451 1955 525 2003 non
553 1930 601 2004 sit
626 1932 806 2028 propheta
823 1933 958 2005 verus?
1011 1934 1054 2005 In
1073 1957 1163 2029 qua-

123 2044 327 2140 dringentis
343 2045 543 2141 prophetis,
558 2069 649 2139 quos
667 2045 701 2136 (l
718 2046 808 2141 Reg.
820 2045 906 2117 xxii.
919 2047 959 2138 6)
980 2045 1163 2119 consuluit

122 2181 186 2230 rex
202 2158 344 2230 Israelis
358 2157 402 2230 de
415 2158 510 2231 bello
521 2158 683 2253 gerendo
701 2171 831 2232 eontra
845 2158 1161 2247 Ramoth-Gilead,

121 2295 229 2344 verus
264 2284 342 2343 erat
376 2270 505 2343 unicus
541 2271 712 2344 Micaiah.
777 2272 961 2366 Propheta
992 2271 1065 2361 ille,
1100 2272 1162 2368 qui

126 2384 157 2474 (Ι
184 2385 273 2480 Reg.
292 2385 386 2477 xiii.)
414 2383 542 2457 missus
573 2410 595 2457 a
616 2386 693 2458 Deo
716 2395 773 2457 est
797 2383 845 2456 ad
869 2384 1163 2481 prophetandum

123 2509 253 2569 contra
280 2498 394 2569 altare
416 2497 514 2592 quod
535 2510 745 2570 extruxerat
761 2497 968 2586 Jeroboam,
985 2498 1165 2594 propheta

124 2611 191 2682 Dei
205 2625 295 2697 erat,
310 2623 346 2682 et
361 2610 536 2682 miracula
548 2620 717 2705 operatus
732 2624 789 2683 est
803 2633 926 2682 eoram
940 2634 1048 2707 rege;
1066 2610 1165 2684 idem

124 2733 246 2796 tamen
264 2725 310 2796 ab
328 2724 399 2797 alio
417 2724 599 2819 propheta
612 2722 786 2819 deceptus
798 2734 864 2809 est,
876 2724 938 2818 qui
956 2722 1079 2798 divino
1097 2748 1163 2798 no-

123 2837 221 2908 mine
239 2839 371 2909 abusus
389 2851 457 2909 est.
510 2837 547 2908 Si
562 2836 742 2932 propheta
758 2835 973 2931 prophetam
986 2861 1060 2909 non
1078 2861 1163 2933 cog-

124 2962 262 3038 noscat,
274 2950 457 3045 quomodo
472 2949 641 3045 possibile
656 2962 713 3022 est
724 2960 766 3021 ut
778 2947 947 3022 voluntas
961 2950 1030 3023 Dei
1047 2963 1161 3042 certo,

123 3075 368 3159 praeterquam
395 3064 538 3136 ratione
564 3061 735 3152 naturali,
762 3063 1028 3157 cognoscatur?
1091 3064 1161 3138 Re-

123 3174 296 3271 sponde0,
316 3176 387 3248 duo
406 3199 484 3248 esse
511 3177 550 3247 in
568 3175 767 3272 Scripturis
784 3175 942 3250 indicata
971 3176 1162 3274 prophetae

123 3289 201 3361 veri
228 3289 343 3384 signa,
371 3290 502 3383 quibus
528 3290 764 3385 conjunctim,
790 3314 864 3362 non
894 3291 1056 3380 seorsim,
1079 3315 1162 3388 pro·

123 3402 234 3496 pheta
256 3426 363 3474 verus
390 3402 637 3497 dignoscatur.
692 3402 862 3492 Seorsim,
888 3403 1048 3500 inquam,
1071 3428 1162 3477 neu-

124 3526 222 3585 trum
240 3515 369 3586 horum
384 3515 573 3608 signorum
591 3515 735 3587 sufficit.
773 3513 816 3586 Si
832 3518 1057 3606 surrexerit,
1072 3518 1162 3591 dicit

125 3626 223 3698 Deus
244 3627 370 3715 (Dent.
389 3627 464 3699 xiii.
485 3628 575 3720 1-5),
603 3628 641 3700 ira
657 3628 776 3700 medio
802 3629 856 3702 tui
875 3630 1079 3728 propheta,
1098 3641 1164 3705 aut

123 3740 188 3836 qui
205 3740 380 3811 somnium
402 3740 541 3812 uidisse
565 3765 607 3811 se
631 3741 747 3830 dieat,
766 3751 805 3814 et
825 3742 1059 3839 praedixerit
1082 3746 1163 3842 sig-

123 3877 206 3924 num
236 3862 348 3950 utque
369 3862 598 3950 portentum,
616 3864 654 3926 et
680 3854 845 3927 evenerit
868 3855 970 3951 quod
990 3856 1163 3954 loquutus

124 3975 207 4048 est;
224 3975 262 4038 et
283 3966 424 4038 dixerit
442 3966 538 4038 tibi:
565 3991 689 4039 eamus
706 3977 743 4039 et
759 3992 956 4065 sequamur
973 3969 1076 4042 Deos
1090 3971 1162 4043 ati-

124 4103 211 4151 enos
229 4104 321 4177 quos
339 4080 509 4176 ignoras,
521 4090 558 4152 et
575 4081 777 4153 serviamus
791 4082 876 4154 eis!
927 4082 1012 4156 Nun
1030 4085 1162 4157 audies

123 4192 238 4264 verba
254 4192 456 4289 prophetae
475 4191 578 4264 illius
595 4202 662 4266 aut
678 4195 927 4282 somniatoris,
946 4205 1015 4269 etc.
1071 4199 1163 4270 Pro·

119 4304 238 4398 pheta
256 4315 379 4377 utitem
394 4305 460 4377 ille
476 4315 514 4377 et
518 4306 640 4399 fictor
657 4309 875 4381 somniorum
893 4308 1163 4405 interficietur;

1201 685 1344 720 »νγ-ν

1200 757 1235 799 De
1244 756 1338 813 politica

1201 819 1333 864 Christianae

1199 885 1318 943 principiis.
