2926 4980
508 352 562 404 nn
582 352 764 404 nounvu.
1113 330 1161 408 73

119 519 246 591 animo
264 519 419 614 negotiis
436 531 630 615 occupato,
647 517 873 591 honorabilis
895 527 972 599 est;
1000 515 1087 612 quia
1103 537 1162 587 res

121 656 253 727 gerere
269 632 434 726 potentia
451 645 518 704 est.
571 633 636 705 Sin
654 630 832 728 procedat
849 632 894 703 ab
912 629 1026 726 ipsius
1042 628 1162 724 gravi-

124 744 211 816 tatis
241 744 485 834 affectatione,
515 746 633 841 turpis
660 757 726 817 est.
778 744 946 818 Gravitas
974 742 1072 814 enim
1095 741 1164 838 ¹illa

123 857 223 953 prior
240 857 366 929 similis
384 870 441 929 est
459 858 625 931 tarditati
641 858 757 945 nariS,
773 880 854 952 quae
871 857 1051 929 bonarum
1068 878 1164 927 mer-

126 969 223 1042 cium
244 992 355 1042 onere
375 970 481 1043 tarde
498 970 677 1065 procedit.
731 968 804 1043 Sed
820 970 980 1065 gravitas
997 968 1061 1041 illa
1077 992 1163 1064 pos·

128 1084 241 1156 terior
261 1082 389 1154 similis
412 1095 469 1154 est
492 1083 609 1155 motui
625 1081 728 1156 navis
746 1083 825 1156 sola
842 1094 983 1156 onustae
1000 1083 1164 1171 saburra,

130 1220 176 1268 ue
193 1207 390 1267 evertatur.

179 1309 324 1381 Clarum
339 1331 428 1397 esse,
442 1307 481 1380 id
498 1320 554 1379 est
567 1308 691 1381 multis
709 1307 899 1403 cognitum
912 1329 1001 1394 csse,
1013 1316 1165 1402 propter

130 1446 225 1517 opes,
243 1421 419 1510 actiones
436 1421 495 1493 vel
519 1422 657 1495 bonum
678 1421 933 1518 quodcunque,
950 1419 1165 1494 honorabile

130 1547 203 1617 est;
230 1549 273 1607 ut
287 1535 432 1630 signum
445 1536 621 1631 potentiae
634 1547 784 1631 propter
798 1560 907 1631 quam
921 1533 1165 1631 cognoscitur.

177 1647 295 1719 Claris
324 1648 538 1742 parentibus
568 1661 689 1721 ortum
721 1671 812 1734 esse,
838 1647 1052 1720 honorabile
1082 1657 1165 1730 est;

131 1760 213 1854 quia
225 1760 435 1854 hujusmodi
450 1761 613 1833 homines
626 1744 763 1833 auxilia
779 1772 817 1834 et
833 1762 970 1835 amicos
988 1763 1167 1857 majorum

130 1897 275 1946 suorum
293 1872 341 1945 ad
358 1896 397 1945 se
413 1872 520 1946 facile
539 1873 777 1946 transferunt.

178 1986 363 2074 Actiones,
376 2010 458 2081 quae
470 1985 637 2058 oriuntur
647 1987 693 2059 ab
705 1986 928 2081 aequitate,si
938 2010 1022 2059 cum
1033 1983 1167 2058 damno

131 2100 232 2187 liant,
250 2098 484 2172 honorabiles
502 2112 609 2184 sunt;
636 2111 679 2172 ut
695 2100 800 2196 signa
816 2101 929 2173 animi
946 2099 1081 2196 magni.

179 2212 408 2308 Cupiditates
444 2212 653 2285 divitiarum
687 2213 891 2309 ingentium
919 2226 957 2287 et
986 2214 1168 2313 honorum

133 2349 357 2421 magnorum,
385 2324 618 2398 honorabiles
644 2337 750 2410 sunt;
781 2337 823 2398 ut
846 2351 928 2423 quae
954 2326 1059 2421 signa
1084 2336 1170 2396 sunt

133 2437 315 2534 potentiae,
335 2462 446 2533 quam
472 2438 503 2511 is
528 2438 592 2533 qui
609 2438 709 2534 capit
723 2438 870 2511 videtur
888 2439 956 2511 sibi
974 2461 1018 2510 ea
1034 2436 1169 2532 adipis-

134 2550 237 2624 cendi
247 2550 446 2646 possidere.
474 2550 663 2646 Cupiditas
674 2562 804 2624 contra
815 2550 1168 2645 rerumcxiguarum,

134 2664 246 2759 turpis
269 2675 338 2735 est.

181 2774 292 2851 Quod
318 2773 367 2847 ad
390 2774 543 2847 actionis
563 2776 740 2849 honorem
764 2777 908 2865 attinet,
936 2775 1046 2848 modo
1073 2774 1170 2848 actio

134 2914 265 2986 magna
290 2902 329 2961 et
355 2887 470 2961 ardua
498 2889 557 2978 sit,
585 2902 623 2962 et
647 2890 802 2986 proinde
827 2914 971 2987 magnae
996 2889 1170 2985 potentiae

133 3013 401 3098 argumentum,
436 3012 558 3073 utrum
587 3003 689 3098 justa
720 3027 768 3075 an
798 3003 933 3098 injusta
966 3002 1012 3076 sit
1041 3025 1171 3099 parum

132 3117 255 3188 refert.
309 3114 484 3187 Consistit
513 3114 612 3186 enim
638 3114 758 3188 bonor
788 3115 826 3187 iu
857 3115 968 3188 solius
996 3115 1171 3211 potentiae

133 3227 413 3300 existimatione.
465 3227 595 3322 ltaque
614 3226 751 3299 ethnici
767 3227 921 3322 antiqui,
939 3227 1003 3323 qui
1020 3227 1116 3299 Deos
1132 3225 1172 3297 in

134 3340 298 3413 versibus
312 3338 385 3410 suis
398 3337 590 3427 adulteria,
605 3338 735 3428 caedes,
749 3339 910 3436 aliasque
928 3362 1078 3434 magnas
1092 3338 1172 3434 qui-

136 3452 217 3525 dem
235 3452 302 3525 sed
318 3452 470 3546 injustas
484 3452 541 3524 vel
552 3452 757 3526 immundas
770 3454 932 3527 actiones
950 3451 1172 3526 commisisse

135 3565 285 3653 faciunt,
308 3588 383 3637 non
406 3565 499 3654 illos,
521 3577 563 3638 ut
585 3566 849 3656 existimavere,
871 3565 1172 3652 dehonestabant,

136 3678 200 3751 sed
217 3677 322 3750 valde
338 3677 580 3751 honorabant.
632 3678 681 3751 Et
705 3690 900 3775 propterea
917 3678 1008 3752 nihil
1026 3678 1065 3751 in
1080 3679 1172 3750 Jove

137 3792 252 3887 magis
272 3790 506 3863 celebrabant
530 3816 641 3888 quam
665 3793 743 3887 ejus
764 3791 965 3865 adulteria:
993 3815 1111 3888 neque
1135 3792 1173 3863 in

138 3904 322 3977 Mercurio
340 3928 449 4000 quam
466 3905 564 3977 furta
581 3916 618 3977 et
634 3905 801 3990 fraudes;
829 3905 867 3978 in
884 3906 988 4000 cujus
1006 3905 1174 3978 laudibus

139 4018 184 4090 ab
203 4017 366 4090 Homero
382 4017 533 4113 ponitur
549 4018 669 4091 hoc—

302 4172 320 4198 “
336 4165 427 4223 Natus
441 4186 532 4233 mane,
546 4167 592 4223 die
606 4167 700 4224 medio
714 4166 806 4224 sactus
820 4164 999 4234 citharaedus,

338 4259 508 4316 Armeotum
523 4257 624 4316 Phoebi
639 4257 685 4315 fur
700 4258 875 4334 vespertinus
888 4254 1009 4333 abegit.”

1209 548 1286 597 chr.
1301 547 1315 595 l

1203 629 1315 663 *¹*-

1175 689 1315 748 Depotantin

1175 756 1250 808 ultam,
1257 759 1280 799 et
1288 754 1315 798 bo
