2926 4980
328 364 376 429 20
717 377 775 428 nu
796 378 980 429 uouruu.

139 578 218 628 cap,
234 577 288 627 ur.
327 543 486 617 hominis
497 543 668 616 videntur
684 545 857 641 propriae,
869 544 1056 641 acquisitae
1077 554 1175 633 sunt,
1194 557 1233 617 et
1250 545 1372 618 studio

114 661 316 776 „offan
328 657 582 753 industriaque
608 673 739 746 auctae,
766 659 944 732 habentes
970 660 1116 732 initium
1146 658 1182 730 in
1214 659 1372 732 instruc-

112 797 228 892 mur:
241 783 316 840 imari-
328 771 429 844 tione
456 781 494 843 et
521 770 725 867 disciplina,
750 773 1064 868 procedentesque
1088 774 1134 845 ab
1161 773 1373 845 inventione

230 880 235 891 '
328 885 591 957 vocabulorum
605 898 643 957 et
658 886 847 958 sermonis.
901 887 997 958 Nam
1015 899 1152 982 praeter
1169 910 1316 959 sensum
1334 900 1373 959 ct

327 998 630 1094 imaginationem
665 1017 703 1071 et
737 1000 1003 1096 cogitationum
1034 1001 1177 1088 seriem,
1199 1000 1372 1080 ,humano

327 1111 451 1184 animo
479 1111 601 1183 nullus
631 1111 722 1184 alius
752 1112 849 1185 inest
879 1126 1023 1196 motns;
1059 1137 1268 1209 quanquam
1296 1136 1372 1185 ser-

327 1225 448 1298 monis
474 1237 510 1298 et
538 1224 677 1298 ordinis
702 1226 881 1299 beneficio
907 1226 1045 1299 eaedem
1068 1226 1263 1299 facultates
1286 1250 1373 1321 pro-

327 1339 467 1411 moveri
502 1338 540 1410 in
575 1351 721 1411 tantum
754 1349 922 1435 possunt,
952 1350 995 1412 ut
1023 1363 1090 1435 per
1123 1363 1184 1412 eas
1214 1339 1324 1412 homo
1350 1364 1373 1411 a

328 1452 474 1525 caeteris
491 1450 709 1524 animalibus
727 1452 897 1524 omnibus
915 1452 1092 1548 distingui
1109 1452 1238 1548 possit.

382 1563 569 1660 Quicquid
586 1564 842 1660 imaginamur,
862 1564 1017 1658 finitam
1034 1575 1101 1638 est.
1154 1557 1373 1661 Nulla'ergo

329 1691 387 1753 est
413 1678 497 1751 idea
520 1702 638 1773 neque
664 1688 864 1774 conceptus
892 1678 956 1773 qni
979 1679 1067 1752 oriri
1089 1690 1212 1775 potest
1238 1703 1261 1751 a
1284 1704 1373 1752 voce

329 1793 412 1880 hac,
431 1791 623 1885 infinitam.
676 1792 831 1864 Animus
855 1793 1038 1865 humanus
1065 1793 1263 1889 imaginem
1293 1794 1374 1867 infi-

328 1906 418 1978 nitae
439 1904 704 2000 magnitudinis
728 1929 859 2001 capere
883 1930 958 1979 non
978 1918 1122 2002 potest;
1149 1930 1268 2002 neque
1287 1932 1374 1980 con-

330 2020 452 2116 cipere
476 2019 661 2092 infinitam
681 2019 927 2108 velocitatem,
946 2020 1128 2093 infinitam
1146 2021 1234 2108 vim,
1252 2020 1374 2092 infini-

328 2146 409 2207 tum
444 2142 601 2228 tempuS,
632 2145 698 2204 aut
733 2132 914 2204 infinitam
944 2134 1161 2229 potentiam.
1215 2133 1374 2208 Quando

330 2246 486 2321 dicimus
512 2269 590 2318 rem
618 2245 777 2342 aliquam
804 2271 883 2319 esse
909 2247 1104 2342 muitum,
1130 2249 1201 2321 hoc
1229 2259 1375 2320 tantum

322 2361 590 2458 'significamus
614 2384 689 2432 non
715 2384 821 2456 posse
848 2384 916 2433 nos
942 2360 1038 2434 illius
1062 2362 1115 2434 rei
1136 2361 1313 2434 terminos
1337 2372 1375 2433 et

329 2475 464 2547 limites
495 2474 701 2570 concipere,
733 2498 852 2570 neque
882 2474 983 2547 aliud
1017 2476 1211 2571 concipere
1240 2487 1376 2571 praeter

328 2599 496 2661 nostram
530 2587 786 2683 impotentiam
820 2588 1018 2684 propriam.
1075 2590 1206 2686 ltaque
1239 2611 1375 2662 nomen

331 2702 401 2775 Dei
418 2725 493 2775 non
507 2715 718 2796 usurpatur,
732 2713 775 2773 nt
788 2701 890 2775 illum
905 2702 1154 2798 concipiamus
1167 2734 1176 2785 ;
1204 2714 1260 2775 est
1279 2702 1376 2775 enim

331 2813 721 2910 incomprehensibilis,
740 2824 777 2886 et
799 2815 1016 2910 magnitudo
1038 2816 1278 2912 potentiaque
1298 2816 1376 2910 ejus

332 2925 650 3021 inconceptibilis:
686 2925 752 2997 sed
780 2938 823 2997 nt
852 2928 1087 3000 honoremus,
1138 2929 1185 3000 Et
1202 2928 1377 3022 quoniam

333 3039 522 3136 quicquid,
539 3050 583 3110 ut
601 3038 676 3111 dixi
694 3063 816 3134 supra,
836 3040 1074 3135 concipimus
1092 3053 1306 3136 perceptum
1321 3052 1377 3112 est

331 3166 418 3226 ante
437 3151 475 3223 in
494 3152 674 3238 sensione,
693 3151 795 3224 nulla
811 3152 930 3225 inesse
950 3153 1090 3225 homini
1107 3163 1230 3248 potest
1247 3152 1376 3248 imagi-

330 3266 435 3339 natio
450 3265 516 3351 rei,
530 3289 614 3360 quae
628 3288 703 3336 non
722 3264 770 3336 sit
787 3264 1024 3360 percipienda
1042 3264 1219 3338 sensibus.
1256 3264 1376 3338 Nemo

331 3381 457 3475 itaque
481 3378 675 3474 concipere
696 3377 836 3473 aliquid
860 3390 994 3474 potest,
1012 3378 1085 3451 nisi
1104 3388 1146 3450 nt
1169 3379 1208 3451 in
1226 3379 1321 3467 loco,
1339 3392 1377 3452 et

334 3495 437 3568 finita
462 3492 584 3587 aliqua
611 3490 866 3586 magnitudine
893 3491 1102 3587 praeditum,
1131 3504 1169 3564 et
1197 3491 1377 3565 divisibile

332 3608 370 3680 in
388 3618 534 3704 partem
562 3629 684 3700 neque
701 3604 840 3700 aliquid
857 3629 936 3678 esse
953 3615 1074 3679 totum
1092 3606 1130 3678 in
1146 3631 1222 3679 uno
1239 3607 1321 3680 loco
1339 3620 1377 3680 et

332 3732 453 3794 totum
477 3720 516 3793 in
542 3719 672 3806 altero,
698 3729 864 3813 tempore
891 3718 1042 3803 eodem;
1072 3744 1193 3814 neque
1211 3720 1303 3794 duas
1319 3722 1377 3794 vel

331 3835 456 3930 plnres
470 3857 529 3906 res
543 3832 673 3906 eodem
688 3843 854 3928 tempore
868 3855 946 3905 esse
959 3856 1065 3929 posse
1083 3833 1121 3905 in
1139 3834 1269 3907 eodem
1283 3835 1376 3907 loco.

333 3947 437 4021 Nihil
454 3946 552 4019 enim
569 3946 703 4018 horum
723 3946 795 4018 fuit
812 3957 876 4018 aut
894 3967 972 4018 esse
989 3947 1112 4041 potuit
1129 3946 1168 4019 in
1186 3947 1376 4028 sensione;

331 4060 398 4133 sed
416 4072 503 4133 sunt
520 4060 703 4133 orationes
720 4059 1021 4155 insignificanteS,
1039 4059 1209 4134 admissae
1225 4070 1378 4157 propter

332 4171 596 4245 authoritatem
610 4173 841 4268 quorundam
851 4173 1154 4270 philosophorum
1165 4174 1376 4259 errantium,

334 4286 390 4358 vel
409 4285 713 4360 scholasticorum
727 4287 945 4360 fallentium.
