2926 4980
501 360 557 412 nn
578 361 761 411 nummu.
957 428 958 431 Ἴ
1113 351 1158 417 19

155 528 315 627 Signum
341 538 398 601 est
422 528 663 600 antecedenti
689 528 835 600 eventui
856 538 1005 601 euentus
1029 552 1157 601 conse·
1197 566 1275 618 w,
1291 569 1343 622 ru.

104 666 237 738 quens,
262 653 299 715 et
323 653 466 730 contra,
490 642 729 738 consequenti
752 642 989 732 antecedens,
1008 643 1156 738 quando
1170 651 1354 753 ⁰⁹⁵5

103 755 244 828 similes
268 756 545 851 consequentia
570 756 774 828 observatae
800 767 886 828 ante
915 755 1075 828 firerint:
1117 717 1371 852 etsiiqciendiqidnvd

104 882 245 964 quanto
260 869 397 965 saepius
411 870 647 942 observatum
662 879 729 957 est,
744 880 851 941 tanto
865 869 1014 966 signnm
1030 870 1155 942 minus
1168 848 1288 885 mmm

103 993 160 1053 est
184 981 382 1055 incertum.
436 982 567 1075 ltaque
593 980 636 1069 is,
664 980 792 1076 quiin
823 981 990 1076 quolibet
1017 1006 1155 1077 genere

103 1095 245 1188 negotii
289 1096 490 1168 maximam
527 1096 639 1168 habet
678 1095 953 1190 experientiam,
997 1095 1157 1190 plurima

103 1208 217 1282 habet
230 1209 348 1307 signu
360 1211 494 1305 quibus
507 1209 624 1305 possit
637 1207 820 1281 defuturo
833 1210 1155 1304 temporeconjec-

104 1335 227 1395 turam
240 1322 377 1412 facere,
391 1337 430 1396 et
441 1347 510 1418 per
520 1346 748 1418 consequens
762 1332 818 1394 est
831 1322 1154 1418 prudentissimus;

103 1446 140 1507 et
168 1446 281 1509 tanto
311 1435 530 1532 prudentior
559 1446 627 1524 est,
656 1459 767 1530 quam
798 1436 860 1531 qui
888 1436 937 1508 ad
963 1436 1156 1531 negotium

101 1548 203 1620 idem
229 1572 349 1621 novus
366 1547 521 1637 accedit,
537 1560 581 1621 ut
597 1548 699 1621 nulla
716 1549 893 1622 naturalis
911 1559 949 1621 et
966 1559 1154 1643 extempo-

102 1663 192 1734 rarii
209 1661 351 1757 ingenii
369 1685 439 1756 ope
462 1661 522 1734 hic
543 1661 597 1733 illi
620 1661 758 1757 aequari
774 1661 917 1756 possit;
944 1685 1154 1756 quanquam

102 1774 201 1848 forte
211 1775 320 1847 multi
333 1775 408 1846 sint
421 1775 577 1869 juvenes
591 1773 654 1868 qui
667 1774 739 1846 hoc
754 1775 964 1847 concessuri
978 1798 1054 1846 non
1067 1774 1153 1847 sint.

154 1885 270 1971 Quod
287 1897 412 1961 autem
435 1887 532 1959 inter
554 1887 743 1959 homiuem
760 1897 798 1960 et
813 1887 966 1958 brutum
982 1885 1153 1960 differen-

100 2002 196 2074 tiam
219 2001 310 2074 facit
335 2000 581 2088 essentialem,
601 2000 814 2099 prudentio
840 2012 1003 2073 nonest.
1059 2002 1155 2074 Sunt

101 2115 205 2188 enim
240 2114 415 2187 animalia
448 2113 520 2186 alia
553 2137 636 2209 quae
670 2136 797 2185 earum
827 2137 963 2204 rerum,
994 2138 1077 2209 quae
1107 2113 1155 2186 ad

101 2229 217 2301 finem
235 2251 343 2300 suum
360 2225 584 2314 conducunt,
601 2226 709 2321 plura
725 2227 923 2299 observant
941 2238 978 2300 et
995 2228 1155 2323 prudeu-

101 2342 179 2414 tius
194 2354 481 2437 persequuntur,
494 2339 646 2412 unicum
663 2363 802 2412 aunum
818 2353 918 2430 nata,
934 2366 1045 2437 quam
1062 2365 1155 2436 puer

84 2445 292 2528 decennis.

110 2638 114 2647 ,
156 2569 260 2640 Sicut
277 2566 479 2663 prudentia
496 2576 552 2638 est
562 2565 801 2662 praesumptio
818 2565 947 2655 futuri,
966 2576 1158 2639 contracta

71 2644 130 2787 ‘a
145 2681 327 2777 praeteriti
344 2679 522 2775 temporis
536 2679 783 2773 experientia:
811 2679 864 2750 ita
881 2678 993 2750 etiam
1011 2678 1157 2751 aliaest

53 2786 72 2826 ”
104 2794 348 2891 praesumptio
360 2791 531 2889 quaedam
541 2815 665 2864 rerum
682 2792 967 2886 praeteritarum,
978 2803 1158 2888 sumptaa

19 2908 21 2912 ’
104 2908 216 2980 rebus
240 2907 334 2994 aliis,
352 2929 428 2978 non
453 2905 600 2992 futuru,
626 2904 690 2977 sed
714 2904 924 3000 praeteritis.
978 2904 1156 3002 Numqui

104 3020 200 3093 vidit
224 3019 357 3115 quibus
380 3017 544 3090 moribus
561 3027 599 3089 et
616 3017 792 3112 gradibus
810 3017 940 3090 civitas
959 3018 1083 3114 aliqua
1100 3021 1156 3096 in-

105 3133 238 3206 ciderit
255 3131 295 3204 in
311 3131 451 3203 bellum
468 3129 586 3220 civile,
602 3142 640 3202 et
654 3130 840 3226 quomodo
859 3131 945 3205 iude
962 3133 1159 3228 profligata

105 3246 248 3330 fuerit;
290 3245 323 3318 si
356 3243 490 3316 viderit
524 3244 676 3316 alterius
711 3245 962 3341 cujuscunque
997 3246 1158 3318 civitatis

105 3362 246 3449 ruinas,
265 3359 517 3454 conjecturam
542 3356 654 3429 faciet
672 3356 808 3429 similes
825 3382 947 3431 mores
965 3370 1004 3431 et
1020 3358 1158 3430 bellum

104 3474 224 3548 simile
259 3471 335 3545 illic
373 3493 518 3565 quoque
547 3469 790 3565 praecessisse.
845 3471 918 3544 Sed
946 3473 1159 3568 conjectura

104 3589 186 3662 haec
200 3584 358 3660 eandem
370 3583 483 3657 habet
497 3583 809 3674 incertitudinem,
822 3609 932 3680 quam
943 3585 1158 3680 conjectura

103 3698 283 3797 temporis
298 3695 428 3770 futuri.

156 3811 327 3886 Humani
339 3808 453 3882 animi
467 3820 574 3882 actus
592 3809 685 3883 alius
699 3810 821 3883 nullus
835 3821 902 3899 est,
918 3810 1017 3906 quod
1032 3811 1156 3899 sciam,

104 3924 328 4001 naturaliter
340 3921 482 4012 insitus,
498 3921 583 3994 talis
600 3932 643 3994 ut
661 3921 709 3993 ad
726 3924 943 3995 exercitium
961 3926 1040 4018 ejus
1057 3924 1160 3996 nulla

103 4041 245 4114 aliare
274 4036 452 4132 indigeat,
482 4049 731 4132 praeterquam
758 4038 861 4110 nasci
892 4038 1092 4125 hominem,
1121 4051 1159 4110 et

102 4177 212 4227 usum
243 4150 381 4223 habere
411 4150 572 4245 quinque
605 4151 683 4246 ejus
715 4174 899 4223 sensuum.
952 4151 1159 4223 Facultates

101 4268 191 4356 illae,
223 4265 272 4338 de
310 4263 441 4358 quibus
476 4264 586 4359 paulu
621 4275 704 4359 post
738 4287 861 4337 sermo.
889 4265 972 4352 erit,
1004 4285 1160 4360 quaeque

993 4398 1049 4448 cn
