2926 4980
360 350 429 416 148
729 369 783 420 nn
803 368 1010 438 c1v1rups.
1087 348 1088 352 ‘

160 561 238 612 cup,
249 563 325 616 m,
357 552 536 602 cessorem
550 529 711 625 eligendi
720 532 781 627 jus
799 557 873 606 nou
891 534 991 607 sitin
1008 546 1251 609 antecessore.
1297 537 1393 610 Nam

54 699 56 701 ,
143 640 315 760 „affl
357 641 389 714 si
418 642 456 714 in
483 642 544 715 illo
570 666 645 716 nou
668 657 737 733 est,
759 645 798 718 in
824 645 971 720 subdito
996 658 1072 732 est;
1100 648 1254 745 ideoque
1272 651 1318 723 ab
1336 673 1392 738 eo,

142 767 306 826 sunum
358 756 422 851 qui
439 779 616 829 summam
633 757 746 831 habet
761 772 995 855 potestatem,
1014 761 1151 834 assumi
1169 763 1237 836 sibi
1255 776 1391 860 potest.

141 831 308 943 ww
357 869 457 943 Illius
471 893 570 965 argu,
581 881 646 942 aut
662 871 798 945 nullius
809 886 887 955 est;
914 885 952 946 et
964 875 1017 947 sic
1031 875 1159 949 civitas
1170 876 1391 965 dissolvitur,

141 959 343 1085 ffiffim
355 993 485 1056 contra
502 982 771 1057 instituentium
788 987 1042 1060 intentionem.
1328 1081 1331 1087 Ι

405 1097 449 1169 In
478 1097 713 1185 democratia,
731 1112 848 1172 coetus
874 1113 976 1174 totus
1001 1101 1169 1186 deficere,
1200 1102 1270 1174 nisi
1305 1103 1392 1175 defi-

353 1210 533 1284 cientibus
549 1212 701 1302 civibus,
718 1237 795 1285 non
811 1227 946 1310 potest.
974 1215 1207 1289 Quaestiones
1220 1215 1334 1310 igitur
1345 1214 1391 1287 de

311 1391 314 1401 ,
348 1324 432 1419 jure
450 1325 690 1398 successionis
708 1327 756 1400 ad
775 1327 1037 1403 democratiam
1051 1353 1127 1402 non
1143 1329 1342 1424 pertinent.

401 1438 445 1510 In
470 1438 708 1513 aristocratiis
733 1453 868 1527 autem,
896 1443 927 1514 si
953 1441 1034 1537 quis
1060 1465 1105 1514 ex
1131 1452 1230 1514 coetu
1248 1464 1390 1515 summo
1456 1495 1461 1504 -

350 1550 539 1641 moriatur,
557 1551 712 1625 alterum
730 1553 770 1625 in
787 1553 884 1627 illins
909 1553 1031 1627 locum
1056 1560 1204 1628 a'coetu
1231 1554 1310 1649 ipso
1332 1554 1392 1626 vel

350 1663 461 1759 ipsius
478 1665 702 1739 authoritate
719 1666 1014 1739 substituendum
1032 1689 1122 1755 esse,
1141 1677 1292 1762 propter
1309 1691 1391 1740 eam

349 1800 461 1872 quam
477 1778 589 1851 habet
604 1790 826 1875 potestatem
843 1803 1034 1869 summam,
1048 1778 1281 1853 manifestum
1298 1792 1364 1853 est

399 1890 604 1964 Difficultas
616 1891 757 1987 dejure
770 1892 1010 1966 successionis
1027 1893 1186 1965 maxima
1195 1893 1233 1964 iu
1244 1916 1392 1966 monar-

349 2003 441 2077 chiis
454 2017 521 2077 est.
557 2004 664 2078 Circa
675 2028 785 2099 quam
796 2005 879 2078 duae
890 2005 1111 2101 quaestiones
1124 2027 1202 2078 esse
1212 2019 1388 2100 possunt3

348 2117 475 2206 altera,
506 2142 555 2190 an
581 2118 790 2191 monarchae
815 2118 988 2214 praesenti
1009 2120 1070 2215 jus
1095 2119 1144 2191 sit
1169 2142 1278 2214 quem
1308 2121 1389 2192 vult

346 2229 530 2327 eligendi;
556 2231 683 2320 altera,
704 2231 785 2326 quis
811 2231 860 2304 sit
886 2254 994 2327 quem
1015 2231 1104 2304 vult.
1156 2231 1216 2304 Ad
1233 2232 1389 2327 primam

347 2357 485 2432 autem,
504 2344 810 2418 considerandum
827 2357 894 2434 est,
912 2354 978 2417 aut
991 2344 1051 2439 jus
1068 2343 1159 2416 illud
1178 2346 1389 2419 monarchae

347 2458 538 2555 praesentis
554 2481 645 2548 esse,
658 2459 717 2531 vel
731 2457 975 2530 multitudinis
988 2457 1129 2530 solutae.
1183 2457 1231 2529 Ni
1243 2482 1388 2531 monar-

349 2572 429 2645 ehae
456 2572 503 2645 sit
518 2573 722 2669 praesentis,
740 2572 921 2645 moriente
938 2570 1001 2644 illo
1019 2571 1146 2643 civitas
1164 2570 1387 2661 dissolvitur,

348 2684 434 2779 quia
449 2684 570 2757 nullus
588 2695 654 2773 est,
673 2685 736 2780 qui
750 2686 810 2780 jus
826 2683 918 2756 iilud
942 2683 1129 2779 postulare
1159 2683 1228 2755 sibi
1254 2693 1386 2778 potest,

347 2797 458 2871 homo
484 2797 700 2894 singularis3
743 2796 940 2869 multitudo
974 2806 1097 2868 autem
1131 2820 1249 2891 neque
1278 2819 1388 2892 agere

347 2911 541 3006 quicquam
560 2923 624 2982 aut
640 2909 742 3006 loqui
758 2920 891 3005 potest,
905 2920 948 2980 ut
959 2932 1042 3004 quae
1058 2933 1215 3006 persona
1232 2909 1387 3005 amplius

346 3047 421 3096 non
456 3034 522 3097 est.
575 3022 745 3095 Redeunt
778 3045 866 3117 ergo
902 3021 1025 3094 omnia
1059 3023 1107 3095 ad
1138 3022 1387 3095 conditionem

345 3136 449 3217 belli;
464 3147 513 3225 et,
525 3159 592 3232 per
603 3158 842 3230 consequens
856 3136 1075 3209 successoris
1086 3135 1386 3209 constitutionem

345 3248 393 3321 ad
410 3248 649 3321 monarcham
665 3258 884 3344 praesentem
895 3248 1092 3344 pertinere,
1105 3273 1150 3322 ex
1162 3249 1242 3345 ipsa
1258 3250 1386 3323 civita-

346 3362 392 3435 tis
404 3360 634 3434 institutione
651 3360 884 3434 manifestum
896 3374 964 3433 est.

395 3475 561 3550 Quaestio
587 3486 722 3562 autem,
750 3476 842 3571 quis
865 3475 926 3548 ille
961 3475 1021 3562 sit,
1052 3497 1160 3568 quem
1188 3476 1387 3548 monarcha

343 3612 591 3662 successorem
608 3589 684 3661 sive
702 3589 888 3662 haeredem
905 3588 974 3661 sibi
998 3611 1076 3660 esse
1093 3587 1221 3676 voluit,
1239 3598 1304 3661 aut
1319 3612 1386 3684 per

335 3703 457 3800 ipsius
474 3713 738 3776 testamentum
752 3716 816 3776 aut
832 3727 898 3799 per
915 3702 987 3775 alia
1004 3701 1110 3797 signa
1140 3701 1274 3774 idonea
1287 3701 1385 3796 judi-

343 3817 502 3890 candum
520 3828 587 3890 est.

392 3930 461 4003 Per
486 3939 757 4016 testamentum,
776 3929 805 4001 si
831 3929 914 4001 viva
943 3951 1033 3999 voce
1057 3948 1303 3999 successorem
1322 3926 1385 3998 de-

341 4044 546 4132 claraverit,
561 4053 603 4115 ut
615 4041 784 4114 fecerunt
800 4041 1038 4137 imperatores
1051 4041 1299 4112 Romanorum
1309 4040 1385 4134 pri-

341 4157 392 4229 mi
425 4155 634 4230 haeredibus
660 4154 869 4229 nominatis.
920 4156 1002 4228 Vox
1029 4154 1127 4226 enim
1157 4153 1279 4226 lueres
1309 4176 1385 4225 non

340 4293 484 4366 semper
513 4269 628 4342 fihnm
659 4279 724 4340 ant
748 4279 945 4364 cognatum
962 4268 1156 4364 significat,
1174 4266 1240 4340 sed
1257 4289 1383 4361 qnem-
