2926 4980
312 363 384 429 262
686 377 739 428 nn
760 377 965 428 crvmann.

109 578 298 628 caaxxxr,
312 544 423 617 tionis
454 543 628 617 naturalis
657 555 723 630 est,
750 560 791 616 ut
820 545 893 617 sint
910 544 1034 617 omnia
1059 544 1096 616 in
1125 569 1190 618 suo
1215 568 1351 641 genere

132 661 271 772 s*
314 657 463 754 optima.
517 657 560 729 In
582 657 855 752 precationibus
872 672 911 729 et
927 658 1129 753 gratiarum
1146 657 1351 731 actionibus

132 743 284 838 nb‘iiiiar.
315 769 506 856 dictiones,
524 769 646 857 verba,
665 780 702 842 et
719 769 837 841 oratio
855 782 946 857 tota,
965 770 996 842 si
1013 771 1144 859 subita,
1162 770 1267 860 levia,
1286 785 1351 843 aut

314 885 451 957 rustica
476 885 597 970 sint,e
624 882 724 956 cultu
749 882 884 969 divino,
901 883 965 955 ubi
990 885 1112 955 omnia
1135 883 1290 978 pulchra
1314 895 1352 956 et

313 996 485 1069 decenter
513 997 716 1092 composita
746 1020 825 1068 esse
860 996 1005 1085 debent,
1036 997 1215 1093 ejicienda
1241 1006 1350 1078 sunt;

312 1134 398 1182 nam
416 1110 533 1182 Deum
558 1108 694 1203 alioqui
714 1133 788 1182 non
819 1110 1039 1182 honoramus
1065 1123 1242 1205 quantum
1266 1133 1350 1205 pos-

312 1247 448 1297 sumus.
502 1222 612 1297 Quod
630 1235 759 1318 gentes
776 1221 952 1317 imagines
969 1245 1036 1318 pro
1054 1222 1133 1294 Deo
1148 1223 1351 1310 coluerunt,

312 1337 480 1410 fecerunt
496 1335 652 1408 absurde
667 1367 676 1418 ;
704 1334 768 1407 sed
786 1332 885 1430 quod
908 1335 1129 1408 carminibus
1146 1346 1183 1408 et
1200 1336 1350 1423 musica,

312 1462 390 1521 tum
410 1449 527 1522 vocali
540 1463 618 1521 tum
632 1450 815 1542 organica,
830 1447 868 1518 id
885 1448 1051 1538 fecerint,
1065 1448 1247 1521 laudabile
1261 1461 1350 1521 erat.

313 1562 490 1659 Septimo,
508 1560 623 1633 dictat
641 1561 734 1633 ratio
746 1560 922 1633 naturalis
935 1584 1009 1633 non
1026 1561 1144 1634 solum
1156 1576 1199 1633 ut
1210 1575 1351 1634 secreto

312 1675 485 1763 colamus,
504 1674 567 1746 sed
595 1673 717 1760 etiam,
735 1686 773 1745 et
798 1675 994 1770 praecipue,
1012 1674 1049 1746 in
1063 1675 1209 1771 publico
1228 1699 1351 1748 coram

312 1788 532 1861 hominibus.
586 1787 682 1859 Nam
699 1788 835 1883 absque
854 1812 909 1874 cc,
928 1786 966 1860 id
984 1787 1083 1883 quod
1099 1789 1138 1861 in
1155 1790 1256 1861 cultu
1270 1813 1351 1885 gra·
1417 1872 1422 1882 ¹

313 1901 492 1973 tissimum
522 1913 589 1986 est,
613 1924 756 1995 nempe,
781 1914 824 1970 ut
847 1900 909 1972 alii
936 1899 983 1973 ad
1011 1900 1204 1973 colendum
1232 1902 1349 1974 Deum

312 2012 573 2110 perducantur,
604 2013 712 2108 perit.
777 2013 977 2099 Postremo,
1012 2012 1153 2109 legibus
1189 2013 1349 2101 obedire,

313 2151 444 2223 nempe
461 2126 604 2223 legibus
621 2140 775 2214 natura,
797 2125 897 2216 (nam
914 2125 1098 2220 loquimur
1114 2127 1174 2199 hic
1188 2127 1233 2201 de
1250 2127 1353 2201 cultu

312 2240 499 2332 naturali),
519 2240 677 2336 optimus
702 2238 864 2312 omnium
885 2239 1006 2312 cultus
1029 2251 1105 2324 est;
1132 2241 1227 2314 sicut
1254 2241 1349 2313 enim

313 2355 411 2450 apud
429 2354 546 2426 Deum
564 2354 749 2449 acceptior
767 2363 822 2425 est
840 2352 1026 2426 sacrificiis
1044 2355 1210 2426 omnibus
1228 2356 1352 2428 obedi-

314 2467 437 2550 entia;
464 2469 517 2540 ita
527 2467 638 2539 etiam
657 2465 830 2539 mandata
848 2466 915 2537 Dei
932 2468 1036 2560 parvi
1049 2467 1181 2556 facere,
1195 2470 1354 2541 marimo

314 2593 370 2652 est
388 2580 701 2652 contumeliarum.

364 2696 496 2788 Atquae
526 2694 583 2766 hae
613 2712 699 2765 sunt
728 2692 841 2764 divini
876 2692 995 2764 cultus
1026 2692 1124 2787 leges
1154 2694 1351 2766 naturales.

315 2806 497 2882 Quoniam
525 2821 648 2878 autem
675 2806 803 2878 civitas
821 2829 977 2900 persona
994 2807 1103 2878 unica
1120 2819 1186 2896 est,
1203 2807 1352 2879 unicum

315 2919 485 2992 exhibere
503 2919 582 2992 Deo
602 2918 741 2991 cultum
763 2929 897 3013 potest,
912 2917 950 2989 id
967 2931 1034 3008 cst,
1053 2920 1193 2993 cultum
1211 2921 1353 3015 legibus

315 3033 480 3106 civilibus
503 3034 743 3129 imperatum;
771 3033 834 3127 qui
859 3032 980 3104 cultus
1005 3033 1171 3129 publicus
1197 3034 1352 3118 dicitur;

314 3169 382 3219 nec
395 3161 519 3241 potest
536 3168 624 3234 esse,
643 3145 711 3217 nisi
729 3144 930 3217 uniformis.

364 3259 528 3354 Cumque
545 3259 656 3331 verba
682 3258 814 3346 omnia,
833 3269 871 3330 et
894 3258 1048 3354 proinde
1071 3260 1248 3333 attributa
1272 3260 1352 3349 Dei,

314 3371 618 3465 significationem
637 3395 739 3444 suam
758 3372 917 3443 habeant
931 3397 954 3444 a
967 3395 1146 3445 consensu
1164 3385 1202 3445 et
1219 3373 1353 3446 consti-

315 3485 457 3558 tutione
469 3484 673 3566 hominum;
687 3484 864 3557 attributa
878 3484 939 3556 illa
948 3509 1015 3579 pro
1027 3486 1139 3580 signis
1150 3486 1354 3559 honorandi

314 3597 482 3671 habenda
492 3609 587 3683 sunt,
596 3622 676 3692 quae
687 3597 739 3670 ita
748 3598 874 3670 haberi
886 3597 1014 3671 volunt
1023 3600 1200 3672 homines.
1229 3599 1354 3675 Quod-

315 3735 458 3807 cunque
475 3724 597 3784 autem
616 3712 801 3784 voluntate
825 3712 1013 3784 hominum
1037 3712 1116 3785 fieri
1140 3726 1273 3809 potest,
1291 3714 1354 3786 ubi

315 3825 415 3897 nulla
432 3824 504 3897 alia
519 3824 577 3896 lex
592 3836 646 3895 est
660 3839 793 3919 praeter
807 3823 998 3910 rationem,
1007 3825 1084 3897 fieri
1098 3825 1207 3897 etiam
1220 3839 1353 3922 potest,

314 3940 458 4011 volente
486 3940 646 4027 civitate,
663 3963 728 4034 per
755 3938 854 4034 leges
881 3939 1015 4011 civiles.
1069 3939 1178 4012 Quod
1195 3954 1354 4013 autema

316 4053 464 4124 civitate
483 4053 560 4124 ficri
578 4064 710 4147 potest,
725 4052 821 4124 idem
836 4054 944 4124 etiam
962 4077 1029 4147 per
1047 4053 1160 4140 illum,
1176 4055 1238 4149 qui
1256 4079 1353 4126 sum-

315 4190 411 4238 mam
424 4167 535 4239 habet
549 4166 585 4238 in
599 4166 745 4238 civitate
759 4166 1077 4260 potestatemfieri
1088 4176 1221 4261 potest.
1241 4168 1355 4263 Signa
