2926 4980
366 409 420 459 nu
436 407 629 460 crvruaru
650 406 917 459 cnnrsrmua.
1094 390 1165 458 299

181 577 224 649 In
246 577 316 648 hoc
338 587 461 647 autem
482 599 590 648 sensu
612 575 708 647 idem
729 576 937 671 significant
962 576 1068 671 λόγος
1086 576 1379 657 ΘεοῦοΑΡ.ΧΧΧνι.

130 703 168 763 et
198 688 395 784 theologia,
422 703 465 761 ut
491 690 724 761 manifestum
755 701 810 761 est
836 689 964 761 Actor.
992 687 1069 759 xiii.
1096 695 1167 758 46:
1197 683 1367 799 Ὀζᾶ,

135 803 171 876 Τ
167 827 237 875 rinc
271 811 484 874 constanter
513 802 657 874 Paulus
690 812 728 874 et
744 801 950 874 Barnabas
981 801 1169 887 dicerunt,
1195 813 1352 871 tremisse

130 916 234 990 vobis
264 914 462 1011 oportebat
481 916 646 1013 primum
675 914 777 1012 loqui
802 914 949 987 verbam
976 914 1051 985 Dei
1062 942 1076 996 ;
1102 913 1173 986 sed

132 1029 305 1127 quoniam
321 1028 511 1126 repellitis
529 1028 636 1119 illud,
655 1039 692 1101 et
710 1028 886 1127 indignos
903 1052 966 1100 vos
980 1027 1171 1123 judicatis

133 1154 283 1216 eterna
316 1143 410 1229 vitre,
445 1167 531 1214 ecce
557 1142 803 1214 convertimur
833 1141 888 1215 acl
916 1151 1062 1240 gentes.
1115 1141 1170 1229 Id,

135 1256 235 1352 quod
269 1255 473 1350 appellatur
506 1257 566 1329 hic
599 1255 745 1328 verbum
779 1255 867 1344 Dei,
891 1255 1059 1329 doctrina
1092 1266 1172 1327 erat

136 1367 359 1439 Christiana.
400 1369 493 1440 Item
509 1369 651 1461 (Actor.
665 1393 699 1440 v.
715 1369 779 1461 20)
794 1369 855 1440 ubi
874 1369 1037 1464 Angelus
1054 1368 1172 1463 Apos-

135 1481 229 1552 tolos
254 1481 452 1577 alloquitur
473 1481 609 1571 dicens,
638 1482 710 1571 Ite,
743 1492 780 1554 et
807 1492 951 1555 stantes
981 1481 1172 1579 loquimini

137 1595 174 1665 in
207 1594 343 1692 tenquo
367 1594 475 1692 plebi
503 1596 622 1667 omnia
652 1594 767 1667 verba
793 1595 877 1667 vita
900 1595 1032 1690 bajus:
1058 1593 1173 1667 verba

136 1707 245 1802 hujus
264 1708 350 1779 vitce
373 1707 579 1803 significant
602 1708 807 1780 doctrinam
835 1708 1105 1804 evangelicam
1132 1720 1173 1781 ut

136 1833 240 1916 patet
265 1845 310 1892 ex
336 1845 391 1909 eo,
423 1821 521 1916 quod
546 1845 653 1894 versu
677 1822 806 1894 ultimo
836 1822 964 1895 fecisse
992 1822 1174 1909 dicuntur,

135 1959 280 2029 nempe,
298 1934 393 2005 omni
423 1945 544 2006 antem
572 1935 634 2007 rlie
657 1959 727 2007 uon
753 1934 950 2006 cessabant
977 1933 1175 2031 intemplo

137 2048 311 2119 docentes
325 2056 362 2118 et
368 2047 629 2144 predicantes
642 2047 768 2120 lesum
786 2047 984 2119 Christum.
1012 2046 1177 2120 Christus

137 2162 260 2255 itaque
290 2161 496 2254 subjectum
522 2172 599 2232 erat
626 2161 727 2233 verbi
756 2161 853 2232 vitae.
906 2160 1031 2245 Parra,
1048 2159 1176 2232 Actor.

137 2299 197 2346 xv.
217 2277 253 2362 7,
271 2273 418 2345 verbum
445 2273 520 2346 Dei
546 2274 751 2369 appellatur
782 2272 929 2345 verbum
959 2271 1176 2370 Evangelii,

140 2387 225 2483 quia
247 2387 411 2459 continet
431 2387 635 2460 doctrinam
661 2386 706 2458 de
736 2410 850 2482 regno
875 2385 1023 2458 Christi.
1075 2385 1178 2457 Idem

139 2502 303 2586 verbum,
322 2502 427 2573 Rom.
446 2526 482 2574 x.
502 2510 536 2589 8,
555 2510 590 2589 9,
609 2512 761 2573 vocatur
778 2498 1043 2591 verbumfidei‚
1058 2497 1097 2570 id
1113 2509 1180 2586 est,

140 2626 183 2687 ut
208 2615 259 2686 ibi
282 2615 486 2709 explicatur
504 2615 671 2686 doctrina
694 2615 740 2686 de
758 2612 905 2686 Christo
932 2623 1086 2684 venturo
1105 2623 1142 2683 et
1158 2636 1182 2683 a

141 2727 293 2798 mortuis
328 2727 513 2799 suscitato.
565 2728 613 2799 Et
647 2727 781 2799 Matth.
800 2726 876 2798 xiii.
899 2732 955 2815 19,
977 2726 1182 2821 appellatur

142 2839 238 2911 idem
263 2838 411 2910 verbam
437 2841 560 2937 regni,
578 2840 616 2911 id
639 2854 706 2929 est,
734 2840 902 2913 doctrina
928 2864 1038 2937 quam
1056 2839 1183 2912 docuit

143 2953 241 3024 Deus
270 2954 368 3024 circa
392 2976 547 3047 regnum
578 2954 657 3026 Dei.
710 2954 812 3027 Idem
844 2955 1001 3051 denique
1031 2955 1183 3027 verbum

146 3066 287 3157 (Actor.
306 3065 368 3137 xii.
388 3067 452 3159 24)
470 3068 625 3140 crevisse
643 3081 681 3141 et
706 3069 988 3165 multiplicatum
1001 3092 1080 3141 esse
1094 3068 1183 3140 dici-

144 3190 225 3251 tur:
263 3179 302 3251 id
332 3181 432 3277 quod
460 3181 505 3254 de
534 3182 703 3255 doctrina
729 3183 950 3279 Evangelica
979 3183 1184 3279 intelligere

144 3292 250 3364 facile
269 3306 335 3381 est,
354 3293 418 3365 sed
436 3293 481 3366 de
500 3319 589 3367 voce
603 3296 670 3368 Dei
686 3296 936 3368 difficilimum.
988 3295 1109 3369 Etiam
1122 3296 1185 3367 ubi

146 3407 302 3478 Sanctus
320 3406 451 3478 Paulus
476 3407 510 3499 (t
533 3409 626 3479 Tim.
644 3408 690 3480 iv.
715 3410 749 3497 1)
770 3408 931 3503 loquitur
949 3408 994 3479 de
1012 3408 1186 3480 doctrina

147 3519 357 3607 cicomacum,
389 3544 463 3591 non
498 3520 670 3616 intelligit
696 3521 734 3593 id
763 3521 863 3614 quod
889 3521 1028 3593 dictum
1060 3534 1115 3592 est
1141 3519 1186 3592 de

147 3632 312 3704 daemone
330 3632 463 3728 aliquo,
479 3633 543 3705 sed
562 3635 866 3729 daemonologiam
883 3634 1059 3728 gentium.

196 3747 251 3817 Ex
269 3745 325 3817 his
344 3745 484 3819 duabus
503 3746 607 3818 verbi
622 3747 697 3820 Dei
714 3747 1051 3843 significationibus
1064 3758 1185 3842 poste·

147 3858 232 3947 rior,
253 3859 313 3930 ubi
331 3860 486 3932 sumitur
503 3885 570 3956 pro
594 3860 764 3933 doctrina
787 3860 1004 3948 Christiana,
1024 3860 1188 3934 continet

148 3973 376 4068 Scripturam
395 3973 545 4046 Sacram
562 3986 693 4047 totam:
720 3974 832 4070 prior,
846 3998 920 4046 non
933 3974 1033 4046 item.
1062 3974 1188 4048 Quan-

148 4111 259 4180 quam
273 4087 369 4158 enim
384 4088 495 4159 verba
506 4088 597 4174 haec,
604 4087 694 4185 Ego
708 4112 786 4159 snm
798 4087 976 4160 Dominus
988 4088 1093 4159 Deus
1104 4096 1189 4158 tuus

148 4210 217 4271 etc.
234 4223 347 4296 usque
365 4200 411 4272 ad
428 4201 539 4272 finem
558 4201 744 4295 Decalogi,
761 4202 873 4273 verba
889 4212 974 4273 sunt
991 4201 1102 4295 ipsius
1120 4200 1188 4272 Dei

149 4312 293 4385 Mosem
314 4312 556 4408 alloquentis3
583 4314 750 4408 praefatio
775 4326 897 4387 tamen
924 4315 998 4402 illa,
1017 4314 1190 4412 loquutus
