2926 4980
364 380 417 430 nn
438 379 631 433 crvrrsrn
652 382 921 435 cunrsrrsun.
1084 367 1152 433 431

122 545 244 618 culum
264 558 331 635 est,
352 546 487 642 eligere
505 548 543 619 in
564 572 690 644 regem
708 550 892 624 hominem
911 574 985 622 nou
1005 549 1159 622 Christi·
1182 578 1260 628 cre.
1273 578 1356 627 xnu.

120 684 245 747 auum,
268 660 368 755 quod
393 661 551 733 electum
570 661 766 758 deponere.
818 664 878 738 Ad
895 663 993 759 quod
1009 686 1159 760 respon·
1196 660 1344 781 offas]

122 772 203 860 deo,
226 774 465 868 quaestionem
491 775 649 847 hicnon
677 799 754 847 esse
780 776 826 849 de
851 801 925 850 non
953 774 1160 872 deponendi
1195 787 1346 833 mutio

120 887 296 982 periculo,
310 888 374 960 sed
392 887 438 960 de
465 887 671 983 deponendi
698 891 792 985 jure.
855 890 1074 978 Christian0,
1101 912 1159 961 re-

122 1024 207 1096 gem
233 1001 367 1097 eligere
392 1026 468 1074 nou
496 1002 758 1091 Christianum,
777 1015 900 1099 potest
919 1004 1075 1077 fortasse
1091 1002 1158 1075 ali-

123 1115 268 1211 quando
282 1127 474 1211 peccatum
493 1139 590 1199 esse;
618 1116 682 1189 sed
694 1116 852 1189 electum
870 1117 1064 1212 deponere,
1074 1140 1159 1189 cum

123 1231 172 1303 sit
188 1241 318 1303 contra
334 1229 445 1302 fidem
463 1229 599 1316 datam,
618 1231 798 1325 injustum
814 1253 958 1327 semper
975 1242 1042 1303 est.
1083 1229 1158 1302 Ne·

124 1366 195 1439 que
215 1342 421 1415 doctrinam
442 1342 654 1437 hujusmodi
671 1366 738 1438 pro
764 1341 974 1418 Christiana
996 1343 1158 1416 habitam

124 1480 202 1529 esse
219 1456 373 1551 legimus
389 1468 555 1551 tempore
573 1455 833 1552 apostolorum,
848 1479 968 1552 neque
985 1456 1159 1552 tempori-

123 1569 191 1641 bus
209 1570 473 1664 imperatorum
493 1569 755 1658 Romanorum,
786 1579 982 1665 antequam
999 1581 1160 1665 potestas

125 1684 232 1778 Papae
261 1683 491 1755 culminaret.
546 1681 620 1754 Sed
651 1681 698 1754 ad
727 1682 797 1754 hoc
827 1706 1041 1779 responsum
1065 1694 1122 1755 est
1138 1707 1161 1754 a

126 1796 359 1881 Bellarmino,
391 1795 618 1868 Christianos
648 1806 790 1867 veteres
825 1796 871 1868 ob
906 1818 987 1868 eam
1016 1806 1159 1868 tantum

125 1933 273 1982 causam
298 1932 373 1979 non
400 1906 609 2002 deposuisse
640 1907 838 1996 Neronem,
868 1932 987 2004 neque
1017 1908 1161 1981 Diocle-

125 2024 276 2110 tianum,
295 2045 414 2118 neque
442 2020 642 2109 Julianum,
669 2045 789 2115 neque
818 2021 1010 2094 Valentem
1036 2021 1162 2093 Arria-

125 2161 225 2226 uum,
246 2136 345 2233 qnod
361 2135 498 2207 viribus
516 2146 696 2208 carerent.
749 2135 808 2207 lta
822 2133 919 2207 forte
934 2146 1001 2208 est.
1029 2132 1101 2206 Sed
1114 2132 1161 2205 ad

127 2248 382 2346 deponendum
418 2247 611 2335 Caesarem,
645 2248 703 2320 vel
733 2247 863 2320 saltem
894 2248 1064 2335 Pilatum,
1099 2247 1162 2342 qui

128 2362 314 2434 Christum
332 2362 409 2434 sine
423 2386 533 2435 causa
545 2362 566 2434 J
568 2361 684 2434 udaeis
698 2361 986 2457 crucifigendum
998 2360 1162 2449 tradidit,

126 2476 309 2548 viribusne
327 2476 446 2548 caruit
464 2473 660 2548 Christus?
686 2475 754 2546 Vel
771 2475 801 2547 si
819 2475 974 2571 apostoli
990 2474 1038 2547 ad
1052 2473 1162 2570 depo-

127 2589 290 2661 nendum
302 2588 488 2660 Neronem
507 2588 645 2660 viribus
663 2610 824 2675 caruere,
849 2588 981 2660 ideone
997 2611 1163 2660 necessa-

128 2703 223 2776 rium
247 2703 318 2775 illis
341 2713 432 2791 erat,
456 2702 494 2774 in
513 2701 675 2798 epistolis
693 2700 740 2773 ad
757 2701 969 2799 proselytae,
997 2701 1078 2775 illos
1097 2700 1162 2774 do-

128 2841 211 2892 cere
236 2816 492 2913 potestatibus,
519 2839 650 2912 nempe
669 2815 809 2887 Neroni
835 2829 873 2887 et
898 2815 976 2888 aliis
1004 2814 1162 2910 regibus,

129 2930 375 3005 obedientiam
400 2953 480 3002 esse
505 2928 679 3016 debitam,
702 2927 813 3023 idque
832 2952 906 3000 non
921 2938 1073 3024 propter
1088 2950 1147 2999 me

127 3056 206 3117 tum
217 3055 373 3129 tantum,
387 3040 450 3114 sed
462 3041 572 3114 etiam
582 3052 733 3137 propter
745 3039 1026 3113 conscientiam?
1046 3040 1165 3135 Apos-

129 3158 272 3231 tolosne
289 3155 455 3229 docuisse
476 3155 639 3227 dicemus
661 3166 790 3226 contra
811 3154 1052 3226 conscientias
1069 3176 1164 3240 suas,

129 3272 215 3366 quia
232 3270 406 3343 carebant
422 3269 559 3341 viribus
576 3267 588 3339 l
641 3266 725 3338 Non
743 3289 842 3361 ergo,
865 3267 950 3361 quia
967 3278 1165 3339 caruerunt

129 3383 278 3470 viribus,
308 3382 491 3478 principes
521 3404 604 3452 suos
635 3378 800 3451 ethnicos
834 3379 892 3451 vel
927 3377 1164 3468 Christianos,

132 3494 336 3566 doctrinam
354 3494 513 3588 aliquam
531 3514 722 3564 erroneam
736 3489 860 3562 doceri
877 3514 1014 3585 passos,
1032 3490 1166 3564 tolera-

131 3619 230 3695 runt,
245 3606 311 3679 sed
328 3607 414 3701 quia
429 3620 621 3701 peccatum
638 3604 766 3677 luisset
783 3604 814 3675 si
839 3628 913 3676 non
938 3604 1165 3677 tolerassent.

134 3720 245 3794 Quod
268 3731 392 3794 antem
417 3744 485 3815 pro
510 3729 693 3816 potestate
717 3719 825 3815 Papae
853 3719 1046 3815 temporali
1076 3719 1167 3792 citat

133 3833 246 3906 etiam
260 3834 298 3906 S.
310 3833 461 3906 Paulum
478 3834 511 3925 (l
530 3834 614 3906 Cor.
629 3835 682 3926 6),
692 3831 834 3927 judices
848 3831 1167 3906 commendantem

134 3946 202 4018 sub
219 3946 444 4042 principibus
462 3945 617 4018 ethnicis
634 3944 725 4017 alios
752 3968 860 4040 quam
879 3945 948 4041 ipsi
969 3944 1167 4017 constitue-

133 4071 243 4142 rant;
268 4084 343 4131 non
373 4072 430 4131 est
458 4082 594 4130 verum.
657 4058 751 4131 Nam
782 4058 887 4149 (vers
913 4061 950 4149 5)
977 4058 1014 4130 S.
1036 4056 1168 4129 Paulus

136 4172 345 4246 Corinthios
363 4171 538 4245 admonet
563 4182 721 4261 tautum,
747 4171 794 4244 ad
820 4168 1089 4267 componendas
1106 4193 1168 4242 eo-

134 4310 217 4359 rum
231 4287 313 4360 lites
330 4286 487 4358 arbitros
504 4309 549 4357 ex
566 4283 739 4358 fratribus
757 4308 910 4372 sumere,
921 4284 1045 4380 potius
1058 4306 1168 4379 quam
