2926 4980
136 548 215 600 ΟΑΡ.
230 549 314 602 xtn.

161 633 301 665 s--f-a

156 694 191 738 Dc
200 699 306 753 potestate

155 759 307 804 ecclesiastica

342 341 415 409 402
584 353 638 407 nn
657 356 849 412 crvrrrra
867 360 1135 421 cnarsrruus.

342 534 506 598 tomento
518 524 654 616 Veteri,
663 528 744 619 etsi,
759 527 848 603 dum
863 540 1024 626 potestas
1039 554 1181 607 summa
1196 532 1238 607 iu
1255 553 1382 607 sacer·

342 638 430 713 dote
447 651 536 728 erat,
550 639 611 736 jus
628 642 867 716 consecrandi
879 642 940 717 ille
955 645 1053 719 solus
1069 645 1245 730 haberet3
1272 646 1383 720 aliter

343 763 466 826 tamen
480 763 572 842 erat,
587 765 781 852 postquam
790 756 947 854 populus
959 759 1027 832 snb
1039 759 1187 855 regibus
1203 780 1286 833 esse
1302 783 1381 833 coe-

342 868 490 964 pissent.
534 866 630 941 Nam
650 868 686 962 (l
701 869 793 967 Reg.
805 870 897 964 viii.)
915 873 1051 968 populo
1066 871 1268 963 benedixit,
1283 884 1380 947 tem·

343 982 444 1078 plum
461 981 700 1071 consecravit,
718 994 756 1055 et
781 983 944 1079 publicas
967 1007 1094 1081 preces
1120 984 1380 1082 pronuntiavit

344 1095 528 1168 Salomon.
570 1095 722 1168 Constat
734 1119 835 1192 ergo,
853 1097 1021 1171 habuisse
1038 1097 1141 1171 illum
1158 1121 1234 1171 non
1255 1098 1381 1172 solum

342 1210 494 1306 regendi
510 1211 712 1301 ecclesiam,
729 1212 795 1287 sed
811 1213 922 1287 etiam
947 1212 1154 1287 frmctiones
1170 1238 1300 1289 omnes
1316 1239 1380 1290 eo-

342 1322 563 1397 clesiasticas
580 1325 774 1398 exercendi
789 1336 1010 1422 potestatem
1025 1326 1182 1422 plenam.

393 1436 466 1510 Sed
488 1436 588 1533 qnid,
611 1438 753 1534 inquiet
769 1438 912 1535 aliquis,
929 1438 961 1511 si
977 1448 1136 1535 potestas
1159 1462 1306 1514 summa
1329 1441 1380 1515 sit

340 1572 453 1646 penes
468 1548 653 1639 feminam,
669 1552 828 1625 habetne
844 1552 883 1624 in
906 1551 1067 1625 ecclesiis
1088 1551 1317 1648 predicandi
1339 1567 1380 1628 et

341 1674 572 1738 sacramenta
580 1664 857 1739 administrandi
867 1676 1085 1762 potestatem
1101 1664 1263 1739 femina?
1292 1665 1378 1742 Scio

340 1775 485 1850 feminis
502 1775 541 1848 iu
557 1777 713 1850 ecclesia
728 1778 953 1873 prohibitum
970 1800 1049 1851 esse
1061 1777 1174 1874 loqui.
1226 1777 1271 1851 Id
1288 1803 1379 1853 vero

340 1913 416 1963 non
445 1889 609 1987 impedit,
640 1891 727 1987 quin
756 1890 904 1982 femina,
919 1915 1001 1988 quae
1027 1915 1169 1965 summa
1190 1902 1379 1989 potestate

339 2002 497 2101 praedita
512 2015 570 2078 est
586 2005 806 2079 constituere
818 2005 915 2079 viros
931 2004 1059 2103 possit,
1076 2005 1140 2102 qui
1156 2006 1194 2079 in
1212 2006 1380 2081 ecclesiis

340 2127 380 2191 et
395 2117 495 2213 loqui
511 2127 549 2190 et
566 2129 698 2190 caetera
718 2116 972 2191 administrare
1000 2117 1124 2191 omnia
1148 2117 1379 2194 authoritate

341 2230 512 2321 civitatis,
522 2229 561 2302 id
578 2240 635 2303 est
647 2252 724 2319 sua,
738 2230 892 2326 possint.
942 2228 1268 2303 Authoritasenim
1280 2256 1381 2307 mas·

340 2343 502 2418 culinum
519 2354 556 2416 et
572 2341 788 2416 femininum
803 2365 878 2415 non
895 2341 1037 2439 recipit.
1074 2342 1232 2418 Feminae
1250 2343 1378 2440 igitur,

340 2457 409 2531 etsi
421 2458 540 2531 officia
550 2457 673 2531 omnia
690 2479 858 2530 exercere
871 2480 945 2529 non
962 2467 1126 2552 possunt,
1137 2456 1219 2530 illos
1235 2466 1376 2548 tameu,

341 2572 403 2669 qui
433 2596 477 2644 ea
506 2581 711 2658 exerceant,
744 2581 898 2666 possunt
934 2571 1169 2643 constituere.
1231 2570 1378 2667 Regina

340 2684 554 2758 Elisabetha
571 2708 667 2757 anno
684 2683 802 2780 primo
820 2683 925 2779 regni
937 2683 1005 2772 sui,
1023 2706 1106 2756 cum
1124 2694 1376 2779 suprematum

341 2799 514 2872 Ecclesiae
531 2797 744 2892 Anglicanae
761 2797 829 2870 sibi
845 2796 1076 2881 vindicasset,
1093 2795 1212 2891 legem
1229 2796 1316 2869 tulit
1332 2807 1375 2869 ut

340 2912 498 2985 ministri
525 2930 651 2984 omnes
681 2909 927 2997 ecclesiarum,
946 2908 978 2981 si
997 2908 1176 2981 beneficia
1202 2931 1269 2982 sua
1284 2909 1374 2983 reti-

340 3049 427 3098 nere
443 3024 589 3111 vellent,
607 3032 856 3118 suprematum
879 3023 957 3117 ejus
977 3020 1260 3094 ecclesiasticum
1288 3045 1374 3095 cum

336 3143 548 3236 juramento
574 3148 827 3233 agnoscerent.
877 3136 1100 3210 Juraverunt
1127 3158 1216 3230 ergo
1241 3135 1372 3208 multi:

339 3254 445 3327 multi
466 3252 575 3325 etiarn
596 3248 821 3346 aliquamdiu
846 3258 1109 3322 recusaverunt
1127 3247 1174 3321 ob
1200 3248 1273 3321 hoc
1289 3258 1372 3321 tan-

338 3379 430 3456 tum,
443 3365 541 3462 qnod
550 3364 742 3437 videbatur
754 3362 836 3450 illis,
846 3362 877 3434 si
887 3364 1083 3457 jurassent,
1096 3361 1174 3435 fore
1186 3372 1229 3435 ut
1245 3360 1374 3457 regina

339 3504 404 3577 per
421 3479 502 3552 illos
518 3477 704 3550 videretur
719 3498 825 3572 posse
838 3487 1065 3548 sacramenta
1081 3474 1119 3547 in
1137 3473 1292 3547 ecclesia
1307 3474 1373 3548 ad-

338 3592 559 3680 ministrare,
588 3600 626 3662 et
652 3587 858 3661 functiones
888 3598 1039 3659 caeteras
1067 3586 1267 3682 pastorales
1292 3586 1373 3682 ipsa

339 3727 519 3779 exercere.
572 3703 766 3796 Postquam
785 3710 908 3772 autem
924 3697 1052 3794 regina
1069 3698 1206 3794 scripto
1222 3699 1371 3795 publico

337 3818 556 3915 promiserat
571 3839 609 3888 se
632 3813 671 3886 id
693 3836 766 3886 non
792 3812 974 3885 facturam
1001 3834 1092 3900 esse,
1117 3822 1197 3885 tum
1224 3812 1372 3885 demum

334 3934 561 4028 juraverunt.
605 3929 688 4003 Quo
707 3925 878 4020 scrupulo
894 3924 1126 3998 manifestum
1143 3935 1234 4014 erat,
1247 3925 1372 3999 minis-

337 4056 416 4118 tros
428 4044 509 4117 illos
522 4044 560 4116 in
572 4040 745 4139 opinione
758 4037 819 4110 illa
834 4061 961 4111 omnes
973 4037 1096 4126 fuisse,
1110 4038 1371 4112 authoritatem

339 4157 486 4253 quidem
497 4155 703 4228 functiones
715 4150 917 4246 pastorales
935 4150 1127 4224 exercendi
1144 4174 1227 4224 cum
1245 4175 1372 4248 supre-

337 4269 439 4331 matu
456 4256 618 4330 ecclesiae
636 4253 870 4349 conjunctam
889 4275 1032 4346 semper
1048 4274 1138 4341 esse,
1156 4251 1371 4325 exercitium

337 4383 460 4443 autem
472 4369 557 4443 solis
567 4367 654 4441 viris
671 4367 877 4440 convenire.
915 4364 1057 4460 Regina
1068 4388 1156 4462 ergo
1169 4387 1244 4438 non
1260 4363 1370 4438 modo
