2926 4980
356 351 410 403 nn
430 352 620 404 crvrrnrn
640 348 906 403 camariana,
1073 334 1146 399 343

116 526 221 588 rante
238 518 465 592 constitutos.
518 518 717 615 Scripturae
734 517 831 589 enim
849 517 982 604 Sacrae,
1002 515 1041 587 in
1066 513 1145 610 qui·
1184 548 1260 596 cip,
1274 546 1333 594 xc.

116 627 186 700 bus
203 627 312 701 hodie
329 629 489 725 loquitur
507 631 616 720 Deus,
636 643 721 703 sunt
738 631 852 703 instar
876 629 1011 702 montis
1035 627 1147 716 Sinai,
1175 626 1344 744 ὦ

117 740 157 812 in
184 741 314 836 quibus
339 744 486 816 termini
509 756 594 817 sunt
622 743 742 839 positi,
760 767 890 841 nempe
906 743 1005 839 leges
1022 764 1149 814 eorum
1176 705 1258 800 Dedin
1277 754 1345 797 Aba·
1439 769 1441 772 ·

119 855 182 948 qui
198 878 391 949 personam
408 856 475 929 Dei
494 856 532 929 in
550 867 648 930 terra
665 866 939 951 repraesentant.
990 855 1074 927 Illas
1092 877 1148 926 as-
1174 818 1347 956 liddam.

118 967 252 1062 picere,
277 979 315 1040 et
339 968 424 1040 inde
452 968 592 1041 discere
622 969 740 1040 Deum
765 969 905 1058 timere,
932 966 1149 1064 permissum
1175 950 1347 1074 gffiffi
1412 1028 1413 1032 ,

120 1091 197 1162 est;
224 1079 289 1152 sed
314 1081 556 1177 interpretari,
574 1080 612 1153 id
633 1091 702 1169 est,
731 1080 872 1153 curiose
902 1079 1083 1176 inquirere
1112 1090 1150 1152 et

120 1194 288 1280 scrutari,
300 1193 389 1290 quid
401 1194 482 1283 illis,
495 1218 585 1291 quos
603 1195 701 1267 Deus
717 1207 879 1268 rectores
893 1207 1034 1267 nostros
1050 1194 1149 1284 fecit,

121 1305 264 1395 dixerit,
277 1320 314 1379 et
327 1306 468 1403 judices
482 1307 722 1403 nosmetipsos
736 1307 857 1380 facere
880 1318 1004 1380 utrum
1019 1331 1087 1380 nos
1099 1308 1153 1380 ita

121 1429 262 1514 regant,
280 1419 375 1491 sicut
391 1419 472 1492 illos
496 1420 605 1515 jussit
628 1421 736 1510 Deus,
764 1420 940 1494 terminos
965 1421 1104 1517 positos
1130 1444 1153 1493 a

121 1531 200 1604 Deo
217 1531 472 1605 transcendere
490 1544 557 1605 est.

172 1645 268 1716 Dum
281 1644 373 1716 vixit
387 1644 520 1734 Mosco,
537 1643 659 1716 nullus
677 1655 757 1717 erat
770 1643 808 1717 in
825 1645 954 1717 eastris
972 1643 1152 1718 Israelita-

122 1782 205 1830 rum
231 1758 424 1853 propheta,
452 1770 516 1830 aut
538 1757 685 1853 spiritus
713 1756 826 1830 divini
850 1768 1065 1846 ostentator,
1082 1757 1154 1830 nisi

124 1895 215 1967 quos
234 1871 357 1943 Moses
376 1871 651 1967 approbaverat,
672 1883 711 1943 et
734 1870 864 1967 quibus
895 1869 1155 1942 authoritatem

125 1984 284 2057 dederat.
350 1985 589 2080 Septuaginta
623 1995 765 2057 tantum
798 1982 1034 2079 prophetasse
1066 1992 1155 2054 tunc

125 2097 307 2186 dicuntur,
323 2097 387 2169 sed
404 2121 471 2193 per
493 2097 660 2192 spiritum
689 2096 827 2180 Mosis;
854 2107 892 2168 et
912 2119 1002 2191 quos
1032 2093 1154 2167 Moses

125 2210 295 2305 elegerat.
335 2210 430 2281 Nam
444 2211 570 2303 (Num.
582 2210 631 2282 xi.
652 2210 709 2304 16)
724 2208 814 2282 dicit
824 2208 923 2282 Deus
933 2207 982 2280 ad
996 2208 1154 2279 Mosem:

128 2321 331 2421 Congrcgc
370 2323 458 2395 atili
491 2322 760 2420 septuagesimo
793 2321 894 2394 circa
929 2321 975 2394 de
1008 2319 1155 2392 renibus

126 2435 301 2518 Israelis,
322 2461 414 2533 quos
438 2447 477 2509 tu
501 2437 610 2524 nosti,
628 2435 730 2532 quod
744 2461 850 2507 senes
861 2433 999 2532 populi
1015 2433 1092 2505 sint
1109 2457 1156 2506 ac

126 2549 316 2646 magistri.
368 2549 439 2623 His
456 2560 577 2622 autem
595 2548 764 2644 spiritum
781 2546 883 2620 dedit
897 2548 995 2620 Deus
1012 2546 1156 2641 spiritui

127 2661 241 2734 Mosis
269 2661 504 2747 conformem,
532 2675 574 2733 ut
601 2672 816 2734 constater
841 2683 934 2732 vers.
958 2669 1027 2733 25:
1059 2658 1156 2731 Dea-

126 2775 323 2870 cenditque
345 2774 526 2846 Dominus
538 2773 769 2870 perardum,
787 2783 825 2844 et
843 2772 1016 2868 loquutus
1033 2781 1091 2844 est
1104 2772 1160 2843 ad

126 2912 217 2975 eum,
249 2886 426 2982 afferens
457 2886 503 2957 de
537 2886 678 2982 spiritu
701 2885 766 2981 qui
790 2895 876 2956 erat
903 2885 940 2957 ia
971 2884 1092 2972 More,
1120 2895 1158 2957 et

128 2999 223 3072 dana
250 2999 494 3095 septuaginta
516 2999 621 3070 airis.
674 2999 794 3093 Hujus
821 2997 892 3070 loci
922 3021 1010 3093 ergo
1033 3021 1159 3071 sensus

128 3124 195 3199 est,
226 3111 458 3208 septuaginta
482 3111 563 3183 illos
586 3111 684 3183 viros
714 3111 882 3206 spiritum
908 3109 1075 3183 habuisse
1104 3110 1160 3206 ip-

128 3226 202 3298 sius
229 3226 355 3312 MasiS,
379 3224 503 3320 illique
536 3225 732 3321 prophetas
762 3224 873 3297 fuisse
906 3223 1160 3296 subordinatos

128 3339 167 3411 in
194 3339 507 3412 administratione
536 3339 639 3433 regni
673 3337 752 3410 Dei.
815 3337 956 3432 (lolligo
990 3337 1087 3426 hinc,
1122 3337 1160 3408 in

129 3452 276 3524 civitate
307 3450 514 3524 Christiana
536 3450 765 3547 prophetare,
791 3462 855 3522 aut
877 3450 1009 3522 docere
1032 3462 1162 3521 contra

131 3565 335 3638 doctrinam
355 3588 377 3635 a
399 3588 539 3636 summo
561 3563 761 3658 imperante
790 3562 998 3650 stabilitam,
1023 3561 1095 3635 civi
1118 3561 1161 3633 li-

130 3702 213 3752 cere
231 3677 378 3750 nemini.

179 3792 328 3864 Mortuo
348 3792 504 3876 Aaronc,
522 3812 687 3884 regnum,
714 3799 756 3859 ut
780 3786 878 3882 quod
899 3799 977 3860 erat
994 3787 1162 3860 sacerdo-

130 3904 214 3993 tale,
243 3905 378 3976 virtute
405 3901 503 3997 pacti
526 3901 572 3972 ad
599 3900 813 3974 Eleazarum
842 3899 1019 3994 pervenit,
1046 3899 1162 3972 filium

130 4017 296 4106 Aaronis,
315 4039 496 4088 summum
513 4014 749 4087 sacerdotem.
804 4012 922 4107 Atque
939 4011 1042 4084 illum
1066 4037 1163 4085 sum-

130 4156 228 4204 mam
253 4132 388 4203 habere
411 4138 629 4224 potestatem
651 4126 850 4201 declaravit
875 4125 985 4215 Deus,
1003 4150 1047 4198 eo
1070 4138 1163 4200 tem-

130 4269 231 4341 pore,
250 4268 322 4339 quo
340 4241 516 4315 Joshuam
534 4240 663 4313 ducem
680 4239 769 4312 fecit
787 4238 1024 4311 exercituum.
1064 4239 1163 4313 Dicit
