2926 4980
506 300 559 352 nn
579 299 787 353 c1v1rarn.
1102 281 1169 360 137

116 463 325 560 imperium
331 467 540 542 Romanum
552 470 626 544 late
643 494 856 567 expansum,
874 492 941 542 nos
958 469 1070 541 etiam
1083 466 1170 540 olim

120 600 213 674 pars
228 578 376 653 fuirnas

177 691 466 782 Nono,rummae
482 695 677 792 potestatis
694 694 805 767 etiam
818 706 873 767 est
882 695 943 789 jus
951 690 1167 788 judicandi,

127 804 167 877 id
184 819 254 894 est,
271 828 397 880 cursus
415 831 541 880 omnes
555 823 635 882 tum
645 808 738 905 Juris
751 820 831 880 tum
844 806 933 880 facti
945 828 1168 901 cognoscen-

128 918 181 1009 di,
198 931 236 992 et
253 922 520 995 cmtroversias
534 947 660 996 omnes
674 921 879 995 decidendi.
924 920 1020 992 Nam
1033 917 1170 1013 alioqui

129 1031 274 1106 civibus
293 1033 340 1107 ab
370 1034 514 1130 injuriis
537 1035 673 1109 mutuis
689 1035 873 1132 protectio
890 1033 991 1107 nulla
1007 1042 1115 1119 esset,
1134 1041 1170 1103 et

127 1144 230 1241 leges
253 1144 297 1219 de
325 1170 407 1219 meo
434 1159 474 1219 et
501 1157 565 1220 too
593 1147 731 1220 frustra
757 1162 890 1236 essent,
907 1156 1171 1240 manerentque

130 1258 293 1332 homines
309 1259 350 1331 iu
369 1259 582 1333 conditione
599 1260 687 1333 belli
703 1259 868 1333 omnium
885 1270 1016 1331 contra
1031 1280 1170 1330 omnes.

179 1370 343 1460 Decimo,
363 1370 526 1466 ejusdem
544 1395 698 1445 summae
714 1370 907 1467 potestatis
923 1381 981 1443 est
992 1392 1078 1442 cum
1089 1369 1171 1442 aliis

129 1482 340 1557 civitatibus
357 1485 495 1558 bellum
512 1497 549 1558 et
565 1509 693 1582 pacem
711 1485 833 1557 facere
859 1507 925 1557 suo
950 1483 1114 1571 arbitrio,
1130 1481 1171 1555 id

129 1597 379 1693 est‚j11dicare
404 1613 529 1671 utrum
558 1600 657 1672 bono
676 1622 723 1670 an
740 1598 837 1670 malo
856 1597 1016 1670 civitatis
1033 1595 1170 1668 bellum

128 1709 291 1783 fumrum
310 1711 361 1783 sit
377 1734 504 1801 necne,
523 1722 743 1806 quantaeque
761 1712 877 1806 copiae
902 1709 1170 1805 comparandae,

128 1835 168 1895 et
184 1823 369 1919 quomodo
395 1848 418 1896 a
441 1824 580 1897 civibus
608 1824 749 1898 alendae
775 1825 860 1897 siut.
913 1823 1054 1897 Civium
1072 1823 1170 1895 enim

129 1937 247 2010 tutela
260 1939 308 2011 ab
327 1938 548 2011 exercitibus
567 1938 761 2034 dependet,
776 1937 1003 2010 exercituum
1020 1937 1133 2009 robur
1149 1960 1172 2008 a

129 2051 288 2125 civitatis
321 2052 474 2139 unitate,
495 2051 653 2125 civitatis
666 2053 790 2124 unitas
807 2052 852 2124 ab
871 2051 979 2124 unica
993 2073 1171 2122 summam

128 2163 296 2237 habentis
323 2156 544 2260 potestatem
573 2188 739 2260 persona.
792 2164 913 2237 Etiam
938 2163 1078 2236 militiae
1099 2165 1171 2259 juS,

129 2277 240 2349 etiam
272 2277 405 2366 solum,
435 2301 579 2349 summa
612 2290 668 2350 est
701 2287 889 2373 potestas;
927 2277 1013 2373 quia
1042 2278 1103 2372 jus
1133 2276 1172 2348 in

129 2389 261 2462 milites
280 2391 405 2485 estjus
422 2390 460 2461 in
478 2390 681 2485 potentiam
699 2391 813 2463 totius
830 2390 999 2462 civitatis.

184 2502 398 2591 Undecimo,
429 2503 594 2599 ejusdem
621 2503 814 2598 potestatis
842 2514 900 2575 est
934 2501 1171 2591 consiliarios,

131 2616 377 2711 magistratus
396 2615 654 2710 ministrosque
682 2639 808 2688 omnes
836 2626 911 2688 tam
935 2616 1035 2711 pacis
1061 2638 1171 2710 quam

130 2728 216 2801 belii
232 2729 394 2824 eligendi
413 2730 484 2824 jus.
538 2728 605 2800 Cui
632 2729 730 2800 enim
755 2729 856 2824 pacis
886 2743 924 2801 et
950 2728 1172 2801 defensionis

131 2842 372 2937 procurandae
389 2841 592 2937 imponitur
609 2866 713 2929 onus,
735 2841 853 2914 eidem
867 2843 928 2937 jus
958 2840 1173 2914 conceditur

132 2955 271 3046 mediis,
287 2955 420 3050 quibus
432 2978 471 3027 se
488 2968 675 3042 exoneret,
693 2977 760 3050 pro
777 2954 930 3027 arbitrio
945 2978 1011 3026 suo
1030 2954 1171 3027 utendi.

182 3067 420 3156 Duodecimo,
444 3066 608 3161 ejusdem
635 3067 826 3163 potestatis
848 3070 909 3163 jus
931 3080 986 3139 est
1010 3068 1172 3163 praemia,

134 3192 174 3253 ut
190 3180 337 3254 divitias
354 3180 597 3276 honoresque,
615 3181 709 3253 bene
731 3181 955 3252 merentibus
973 3181 1171 3269 tribuendi,

133 3307 169 3365 et
200 3294 532 3388 transgressoribus
561 3318 688 3388 poenas
715 3294 857 3390 legibus
888 3294 1087 3389 praefinitas
1117 3294 1173 3365 in-

135 3404 300 3502 fligendi;
327 3406 385 3478 vel
403 3406 433 3478 si
450 3429 559 3501 poeua
575 3406 656 3503 lege
684 3419 824 3480 statuta
844 3431 920 3479 non
938 3406 998 3496 sit,
1015 3406 1173 3478 faciendi

135 3519 229 3616 leges
245 3519 420 3614 poenales,
442 3542 523 3612 quae
540 3519 610 3591 sibi
631 3519 679 3593 ad
696 3520 910 3593 excitandos
928 3531 965 3592 et
983 3519 1173 3591 terrendos

134 3633 315 3728 improbos
331 3631 554 3704 videbuntur
571 3633 887 3706 commodissima.

183 3748 386 3833 Postremo,
412 3746 442 3817 si
468 3746 672 3839 cogitemus
702 3747 831 3844 quanti
858 3746 1107 3841 unusquisque
1135 3766 1173 3816 se

135 3861 289 3932 aestimat
314 3868 565 3954 quantumque
589 3860 636 3932 ab
663 3859 742 3932 aliis
769 3859 838 3932 sibi
863 3859 1014 3931 honoris
1041 3857 1175 3930 deferri

136 3974 245 4068 cupit,
277 3972 408 4067 quibus
434 3972 510 4066 ipse
545 3973 763 4046 tantundem
791 3973 952 4045 tribuere
982 3972 1175 4066 indignum

137 4097 253 4179 putat,
270 4085 369 4157 uude
387 4084 602 4175 simultates
616 4086 806 4172 factiones,
819 4095 856 4157 et
869 4085 1005 4156 bellum
1017 4084 1174 4180 denique

137 4200 232 4270 nasci
251 4197 369 4281 solet3
395 4197 592 4271 fatebimur
622 4198 670 4272 ad
704 4198 862 4271 civitatis
898 4198 1175 4272 dissolutionem

1187 500 1264 551 CAP.
1276 500 1345 549 XVI]

1211 586 1345 616 bv·-

1181 645 1216 688 De
1221 645 1272 701 jure
1281 645 1318 688 ba·

1179 710 1279 753 beatium
1289 714 1345 766 poter

1180 779 1246 818 tatem
1256 787 1345 817 summu

1179 841 1203 883 in
1213 840 1299 883 civitate
1309 852 1345 895 per

1180 904 1344 948 msdwtioncm.
