2926 4980
314 325 388 393 492
565 342 619 395 un
639 342 782 397 anano
800 342 1106 397 rnunauauuu.

113 517 587 604 crr.xnv1.tamen,quem
616 510 872 607 expectabant,
904 534 1105 609 agnoscere
1133 524 1379 609 praesentem

131 616 273 650 -ev

128 672 162 716 De
171 674 266 718 tenebris

126 737 154 780 ab
174 739 235 783 inani

126 802 271 862 pampus

314 643 389 694 non
407 619 626 697 didicerunt.

363 733 424 805 Ad
439 734 588 809 Judaeos
606 748 742 827 tamen,
761 737 893 833 quibus
918 761 985 835 pro
1008 738 1109 812 omni
1125 738 1377 837 philosophia

313 858 392 919 erat
403 847 630 922 Testamenti
640 849 784 924 Veteris
802 851 993 948 Scriptura
1006 851 1130 941 Sacra,
1141 851 1374 926 Graecorum

313 959 490 1034 doctrinae
507 986 581 1036 non
598 963 867 1063 pertinuerunt.

363 1074 406 1147 In
424 1076 584 1149 maximo
601 1088 726 1151 autem
742 1077 882 1151 honore
895 1077 994 1177 apud
1011 1078 1159 1153 Graecos
1176 1088 1261 1151 erat
1278 1079 1372 1174 phi-

312 1187 478 1285 losophia
506 1190 647 1279 Graeca,
676 1191 882 1287 praesertim
908 1190 1156 1280 Aristotelica,
1186 1204 1369 1287 tempore

313 1303 477 1376 ecclesiae
499 1303 706 1399 primitivae,
724 1303 871 1400 quando
896 1303 944 1377 ad
968 1303 1079 1378 fidem
1105 1303 1367 1379 Christianam

313 1439 447 1510 magno
473 1439 627 1489 numero
649 1416 813 1512 quotidie
829 1417 949 1490 Graeci
965 1415 1215 1500 accedebant;
1243 1417 1365 1490 etiam

312 1527 409 1599 inter
439 1527 520 1600 illos
548 1528 780 1625 philosophi;
815 1529 881 1602 sed
906 1529 944 1601 hi
969 1529 1081 1602 fidem
1113 1529 1168 1602 ita
1194 1530 1363 1626 amplexi

311 1651 410 1727 sunt,
426 1653 470 1712 ut
494 1655 617 1714 tamen
642 1643 901 1738 magistrorum
924 1665 1074 1715 suorum
1091 1640 1281 1738 dogmata,
1301 1668 1363 1718 se-

312 1754 460 1827 micocti
486 1754 695 1845 Christiani,
713 1780 788 1829 non
813 1754 1053 1845 deseruerint,
1071 1755 1137 1829 sed
1161 1778 1247 1850 quae
1267 1780 1361 1831 cum

311 1866 481 1940 doctrina
491 1868 700 1941 Christiana
713 1891 932 1965 quocunque
950 1865 1060 1940 modo
1078 1867 1276 1941 conciliare
1291 1893 1361 1965 po-

311 1991 474 2069 tuerunt,
498 1981 694 2054 retinuere.
745 1981 869 2076 Atque
896 1980 976 2053 baec
1003 1991 1199 2067 sectarum,
1224 1979 1360 2054 Graeee

310 2091 519 2184 tarasium,
554 2095 592 2168 in
623 2094 777 2167 ecclesia
804 2092 940 2167 Christi
971 2093 1076 2191 origo
1110 2093 1230 2190 prima
1259 2094 1359 2180 fuit;

308 2205 607 2280 dissentientibus
624 2208 765 2281 scilieet
782 2207 935 2280 interae
952 2207 1159 2303 pastoribus
1176 2207 1250 2280 illis
1267 2232 1360 2304 pro-

307 2320 431 2416 selytis
466 2321 510 2393 de
541 2332 675 2394 natura
702 2320 849 2408 Christi,
877 2345 986 2417 quem
1018 2321 1138 2395 Deum
1171 2345 1253 2395 esse
1286 2347 1360 2419 per

307 2433 484 2507 miracula
510 2434 747 2507 ostenderant
770 2434 937 2531 apostoli.
990 2435 1166 2508 Attamen
1193 2436 1282 2532 quia
1307 2462 1357 2511 ex

306 2546 495 2643 principiis
519 2546 759 2642 philosophiae
783 2572 859 2620 suae
883 2547 1128 2621 demonstrari
1149 2572 1257 2644 posse
1275 2574 1358 2624 non

305 2658 510 2745 videbatur,
538 2683 612 2730 non
643 2659 879 2733 crediderunt
905 2685 1031 2733 verum
1065 2685 1156 2733 esse.
1219 2662 1358 2760 Itaque

306 2772 367 2843 alii
385 2770 622 2842 Valentinum
647 2772 829 2865 quendam
852 2773 1009 2867 sequuti,
1028 2773 1220 2846 historiam
1237 2799 1356 2869 gene-

305 2883 458 2956 rationis
477 2883 610 2955 Christi
635 2896 752 2956 totam
775 2897 1037 2958 converterunt
1054 2887 1093 2959 iu
1111 2887 1327 2981 allegoriam
1343 2923 1353 2974 ;

306 2997 365 3069 cui
384 3020 422 3068 se
440 2997 612 3091 opposuit
629 3021 674 3068 ex
691 2997 907 3070 orthodoxis
926 2999 1100 3071 Ireuaeus.
1145 2999 1231 3072 Post
1250 3000 1353 3075 hunc

305 3109 478 3205 Appelles
492 3109 624 3205 aliique
642 3110 828 3183 Christum
841 3135 969 3183 verum
986 3112 1172 3185 hominem
1189 3136 1269 3186 esse
1287 3138 1353 3188 ne·

304 3235 497 3317 gaverunt,
511 3223 731 3319 phantasma
748 3225 826 3297 sine
840 3249 992 3320 corpore
1010 3250 1087 3297 esse
1106 3227 1353 3315 affirmantes;

304 3350 435 3409 contra
464 3362 556 3433 quos
587 3338 788 3434 disputavit
812 3339 1069 3428 Tertullianus
1093 3363 1137 3413 eo
1161 3341 1353 3436 praecipue

304 3464 534 3545 argumento,
553 3451 652 3546 quod
668 3451 925 3550 incorporeum
942 3452 1042 3524 nihil
1057 3462 1126 3525 est.
1178 3453 1264 3541 Alii,
1284 3455 1352 3550 qui

303 3566 529 3638 vocabantur
547 3565 950 3661 Anthropomorphitae,
969 3566 1048 3638 Deo
1077 3589 1210 3661 corpus
1238 3590 1351 3662 orga-

303 3678 427 3750 nicum
450 3679 669 3751 tribuerunt.
721 3679 795 3750 Alii
820 3679 1006 3751 Christum
1030 3702 1106 3750 non
1131 3689 1262 3766 totum,
1280 3680 1349 3754 sed

302 3791 371 3864 Dei
405 3803 547 3887 partem
575 3815 652 3864 esse
681 3791 888 3864 voluerunt.
953 3793 1100 3863 Interea
1127 3791 1166 3862 in
1194 3791 1347 3886 synodis

302 3905 376 3977 suis
394 3905 556 4000 episcopi
572 3903 848 4000 presbyterique
867 3904 1051 3976 doctrinas
1069 3904 1135 3975 has
1153 3926 1266 3976 novas
1284 3928 1347 3978 ex-

300 4020 578 4102 aminaverunt;
597 4031 634 4090 et
652 4042 742 4113 quas
761 4018 1038 4106 damnaverunt,
1053 4016 1236 4100 lucere-scm
1255 4041 1347 4112 quas

300 4135 621 4221 confirmaverunt,
627 4133 749 4226 fidem
776 4130 1010 4204 Catholicam
1027 4144 1277 4213 vocaverunt;
1306 4143 1346 4203 et

299 4260 388 4320 tunc
409 4248 568 4344 primum
587 4246 683 4319 inter
697 4244 908 4318 Catholicos
926 4258 966 4317 et
983 4245 1177 4318 haereticos
1194 4243 1347 4316 distinc-
