2926 4980
511 352 567 402 on
586 351 769 402 nonina.
1141 329 1165 392 9

118 533 233 593 tanto
269 519 417 592 dilutior
460 531 518 592 est
552 517 777 616 imaginatio
816 517 894 589 sive
923 514 1165 612 phantasma.
1214 544 1291 593 cip,
1305 543 1343 592 ιι,

120 635 252 708 Etiam
268 632 444 706 continua
464 654 688 727 organorum
714 630 877 725 eorporis
902 626 1059 700 mutatio
1082 648 1168 721 pro·
1181 626 1402 741 unffi&

121 747 317 845 gradiente
334 764 502 841 tempore
524 755 647 841 partes
673 743 826 840 aliquot,
843 767 927 838 quae
943 742 982 814 in
999 738 1169 815 sensione

123 874 241 934 motae
254 870 372 944 erant,
389 858 549 932 destruit
563 888 573 942 ;
599 869 709 952 atque
721 856 807 929 inde
820 855 1002 951 contingit
1012 852 1170 927 eundem

125 975 165 1046 in
184 973 289 1046 nobis
306 973 481 1046 effectum
490 970 693 1067 producere
711 969 923 1042 distantiam
940 967 1116 1065 temporis
1133 977 1171 1038 θῖ

129 1086 343 1159 distantiam
374 1085 457 1159 loci.
512 1084 618 1157 Sicut
647 1084 809 1157 enimin
839 1107 974 1179 magna
999 1078 1172 1180 loeiffdis-

130 1199 250 1273 tantia
267 1198 483 1271 obscuriora
498 1207 691 1294 apparent,
710 1221 792 1293 quae
810 1197 1019 1294 aspicimus,
1037 1208 1076 1268 et
1093 1195 1171 1267 sine

21 1294 42 1313 '⁵
131 1311 372 1384 minutiorum
396 1311 558 1407 partium
584 1310 843 1394 distinetione;
875 1321 912 1384 θῖ
933 1333 1042 1382 νοθθε
1070 1309 1172 1381 dcbi-

131 1425 243 1498 liores
275 1435 454 1521 apparent
484 1434 523 1496 ct
549 1424 813 1497 inarticulatae:
840 1424 893 1497 ita
918 1447 1063 1521 quoque
1089 1434 1174 1518 post

131 1563 307 1634 magnam
324 1537 500 1633 temporis
522 1536 733 1610 distantiam
759 1537 974 1633 imaginatio
995 1534 1173 1633 praeteriti

133 1651 290 1725 debilior
318 1653 372 1740 fit,
402 1650 676 1747 perdimusquc,
707 1651 865 1747 exempli
895 1674 1016 1742 causa,
1047 1673 1173 1722 earum

132 1789 226 1862 quas
243 1763 400 1837 vidimus
416 1763 564 1836 urbium
588 1762 722 1836 multas
743 1764 894 1859 plateas,
923 1775 962 1836 et
986 1762 1173 1836 actionum

133 1878 269 1951 multas
280 1876 585 1949 circumstantias.
630 1875 822 1949 Sensionis
838 1875 1175 1965 dilutionemhanc‚

135 2015 214 2064 rem
245 1990 361 2085 ipsam
394 1989 605 2077 indicaturi,
637 2014 769 2087 nempe
796 1990 916 2086 ipsum
945 1990 1175 2086 phantasma,

135 2104 381 2192 nominamus
405 2113 558 2176 utente
584 2103 723 2176 dictum
750 2116 818 2193 est,
844 2102 1150 2201 imaginationem
1161 2129 1175 2186 ,·

136 2216 287 2314 quando
307 2229 432 2290 autem
454 2216 660 2313 significare
675 2217 845 2290 volumus
866 2217 1094 2304 dilationem,
1112 2240 1176 2311 ap-

136 2331 316 2428 pellamus
333 2331 571 2402 memoriam:
597 2329 688 2402 adeo
706 2342 749 2402 ut
766 2329 893 2402 eadem
906 2331 954 2403 sit
969 2328 1177 2428 rcsssimogi-

138 2444 244 2517 natio
262 2456 300 2516 θῖ
319 2442 510 2531 memoria,
528 2441 593 2514 sed
611 2453 761 2538 propter
786 2441 947 2515 diversas
971 2441 1180 2516 considera-

140 2558 262 2630 tiones
280 2554 434 2627 diversis
452 2554 661 2627 nominibus
678 2554 893 2651 significata.

191 2666 375 2741 Memoria
400 2665 599 2738 multarum
623 2690 747 2739 rerum
773 2667 1009 2764 experientia
1034 2666 1180 2741 dicitur.

144 2782 268 2870 Porro,
292 2803 377 2852 eum
404 2778 620 2874 imaginatio
646 2804 772 2853 earum
798 2804 921 2854 rerum
947 2793 1089 2854 tantum
1121 2781 1180 2872 sit,

146 2918 234 2990 quas
254 2904 352 2982 ante,
374 2893 434 2965 vcl
460 2893 568 2966 simul
593 2895 651 2967 vel
676 2919 743 2991 per
762 2908 898 2991 partes,
924 2920 1033 2970 sensu
1055 2921 1183 2995 perce-

146 3007 327 3103 perimus;
363 3005 578 3101 imaginatio
612 3006 686 3093 illa,
722 3031 803 3103 quae
837 3019 892 3083 θεῖ
926 3010 1034 3082 simul
1068 3010 1182 3083 totius

146 3120 292 3216 objecti,
322 3117 548 3216 imaginatio
579 3119 740 3218 simplex
766 3132 831 3212 est,
857 3134 899 3195 ut
928 3124 1075 3220 quando
1102 3123 1183 3221 quis

146 3231 369 3329 imaginatur
391 3230 577 3304 hominem
595 3232 654 3305 vel
672 3255 818 3329 equum,
846 3258 956 3332 quem
979 3249 1065 3308 ante
1083 3236 1184 3308 vidc-

148 3355 226 3430 rat;
260 3343 478 3440 imaginatio
510 3354 645 3434 autem,
682 3369 763 3441 quae
793 3348 910 3421 oritur
943 3373 989 3422 ex
1018 3350 1186 3422 sensione

146 3459 305 3556 plurium
323 3457 498 3554 partium,
516 3470 560 3530 ut
578 3457 725 3554 quando
743 3460 917 3534 avisione
934 3462 1093 3536 hominis
1110 3488 1185 3535 uno

149 3585 325 3668 tempore,
339 3580 379 3643 θῖ
391 3570 564 3644 avisione
582 3571 666 3668 equi
684 3571 756 3645 alio
769 3584 948 3670 tempore,
960 3576 1186 3672 concipimus

150 3686 271 3758 animo
286 3694 516 3772 centaurum,
531 3685 737 3782 commerita
756 3686 901 3761 dicitur.
954 3689 1083 3784 Itaque
1096 3713 1187 3786 quo-

150 3798 219 3870 ties
241 3797 324 3892 quis
347 3798 536 3892 componit
559 3797 776 3894 phantasma
799 3823 875 3874 suae
890 3801 1004 3898 ipsius
1021 3826 1188 3898 personae

151 3935 235 3985 cum
264 3911 524 4006 phantasmate
554 3911 743 3985 actionum
774 3914 923 3987 alterius
949 3914 1120 4006 hominis,
1147 3929 1189 3989 ut

151 4024 239 4098 facit
256 4023 288 4096 is
305 4022 370 4118 qui
388 4022 547 4119 seipsum
565 4024 786 4120 imaginatur
803 4050 882 4100 θεεθ
909 4028 1108 4102 Herculem
1125 4042 1191 4102 aut

153 4135 415 4224 Alexandrum,
443 4135 483 4207 id
511 4136 612 4231 quod
643 4139 713 4210 illis
738 4138 935 4234 aliquando
963 4144 1097 4216 accidit
1128 4146 1191 4238 qui

153 4250 313 4324 multum
324 4260 514 4322 versantur
527 4252 566 4324 in
580 4251 737 4325 lectione
751 4253 937 4327 actionum
947 4256 1190 4345 heroicarum,
