2926 4980
354 411 407 460 nn
427 408 621 461 crvrrarn
643 408 914 460 cnms‘rrurm.
1083 390 1159 469 297

116 579 274 674 pietatis,
293 578 466 651 dicuntur
482 578 729 674 sanctificari.
783 578 939 651 Sacrum
952 565 1076 650 autem
1094 588 1161 667 est,
1169 581 1251 660 ω,
1264 610 1376 659 xxxv,

116 691 216 786 quod
234 691 313 763 Deo
331 691 377 763 ab
396 691 603 763 homiuibus
631 690 759 763 datum
780 703 817 763 et
845 690 1066 779 dedicatum,
1085 691 1162 763 sive
1205 693 1346 725 *Ὗ*

117 814 284 875 sanctum
295 803 436 875 sactum
451 814 516 891 est,
532 804 586 875 ita
599 814 641 875 ut
654 803 692 874 in
705 803 783 875 solo
798 802 900 877 cultu
918 803 1042 876 divino
1056 814 1163 877 uten-
1175 754 1379 877 diffidi&

1176 886 1220 929 crin
1240 883 1354 927 vocabulo

118 919 205 992 dum
231 921 304 1004 sit;
345 920 467 1016 qualia
488 930 573 992 sunt
598 919 747 1015 templa,
768 919 921 1014 aliaeque
940 919 1069 992 domus
1087 944 1380 1007 ora-imaginare,

118 1035 242 1124 tionis
262 1059 337 1106 una
366 1059 450 1107 cum
473 1035 704 1123 utensilibus
727 1034 914 1125 ministris
941 1034 1111 1124 victimis,
1130 1019 1379 1124 etffffiffi

119 1147 379 1220 oblationibus,

171 1259 396 1332 Sanctitatis
423 1261 559 1356 gradus
587 1271 683 1333 sunt.
736 1262 873 1333 Earum
905 1261 1002 1333 enim
1031 1284 1169 1350 rerum,

121 1397 203 1469 quae
238 1373 285 1445 ad
318 1397 425 1445 usum
460 1374 573 1447 divini
610 1375 728 1446 cultus
770 1385 999 1470 separantur,
1034 1375 1169 1470 aliquae

123 1491 284 1587 separari
311 1515 454 1563 rursum
486 1504 640 1587 possunt
668 1491 715 1563 ad
738 1492 928 1564 servitium
947 1492 1006 1563 vel
1029 1491 1169 1565 cultum

120 1608 238 1702 magis
273 1607 478 1703 specialem.
542 1609 637 1681 Tota
670 1632 762 1704 gens
796 1608 1045 1681 israelitarum
1078 1632 1168 1704 gens

123 1732 250 1793 sancta
283 1737 386 1804 erat;
431 1732 511 1794 erat
545 1735 669 1794 tamen
704 1723 801 1794 inter
835 1720 1016 1795 Israelitas
1051 1722 1169 1794 tribus

124 1835 213 1906 Levi
247 1834 439 1930 speciatim
475 1834 593 1907 tribus
628 1848 784 1918 saucta;
824 1847 862 1906 et
895 1833 990 1906 inter
1024 1834 1170 1907 Levitas

123 1948 324 2020 sanctiores
350 1949 492 2021 caeteris
519 1960 624 2020 erant
650 1948 888 2029 sacerdotes;
929 1958 966 2019 et
991 1947 1089 2020 inter
1114 1971 1170 2019 sa-

124 2060 290 2134 cerdotes
312 2062 561 2134 sanctissimus
580 2074 659 2134 erat
673 2060 844 2134 sacerdos
861 2083 1034 2132 summus
1080 2061 1169 2132 Ter-

126 2198 169 2246 ra
192 2174 404 2246 Judaeorum
431 2187 510 2246 erat
537 2187 636 2246 terra
661 2184 799 2262 sancta,
823 2171 887 2244 sed
912 2174 1011 2261 urbs,
1034 2173 1071 2244 in
1098 2197 1171 2268 qua

125 2285 300 2358 colendus
331 2298 412 2357 erat
440 2285 551 2374 Deus
578 2286 694 2380 magis
721 2295 848 2357 sancta
873 2296 979 2369 erat;
1017 2297 1054 2357 et
1079 2287 1170 2358 urbe

125 2399 286 2472 sanctius
303 2412 384 2471 erat
397 2398 574 2495 templum
590 2430 599 2482 ;
627 2410 665 2470 et
679 2397 817 2492 templo
836 2398 997 2470 sanctior
1015 2422 1170 2495 capara,

127 2536 208 2607 quae
222 2511 475 2608 appellabatur
492 2520 659 2582 cunctum
674 2518 896 2581 coactorum.

177 2623 457 2696 Sacramentum
483 2635 551 2709 est,
569 2621 668 2717 quod
693 2645 717 2692 a
735 2622 920 2694 communi
941 2645 1008 2694 usu
1026 2647 1171 2720 separa-

127 2748 206 2809 tum
232 2737 310 2809 Deo
343 2746 592 2823 consecratur,
618 2736 654 2806 in
693 2735 837 2830 signum
871 2735 1100 2811 admissionis
1134 2738 1173 2812 in

127 2874 281 2945 regnum
293 2847 374 2936 Dei,
393 2849 492 2941 (quae
511 2859 567 2920 est
584 2846 689 2943 quasi
703 2847 972 2938 naturalizatio,
991 2851 1066 2923 sive
1079 2853 1173 2947 juris

129 2962 290 3036 civitatis
304 2961 524 3057 acquisitio),
535 2961 592 3033 vel
606 2962 643 3032 in
662 2961 872 3033 memoriam
893 2965 988 3036 tanti
1005 2965 1173 3037 beneficii

129 3076 350 3149 institutum.
404 3075 448 3146 In
462 3074 594 3146 Vetere
617 3075 854 3147 Testamento
872 3076 1018 3172 signum
1035 3078 1174 3151 admis-

129 3188 246 3260 aionia
264 3200 342 3259 erat
354 3186 586 3258 circumcisio
601 3214 614 3268 ;
641 3187 679 3258 in
696 3187 933 3261 Testamento
948 3190 1067 3279 Nov0‚
1084 3189 1175 3288 bap-

130 3301 270 3373 tismus.
315 3297 671 3371 commemoratam
690 3299 823 3373 Vetere
840 3302 1077 3376 Testamento
1096 3316 1175 3377 erat

130 3413 223 3512 agai
233 3411 434 3509 paschalis
452 3434 546 3499 esus,
564 3434 629 3506 per
652 3436 760 3507 quem
786 3415 1030 3487 renovabatur
1055 3417 1174 3489 noctis

130 3526 226 3597 illius
256 3524 443 3611 memoria,
471 3524 509 3595 in
540 3548 613 3619 qua
639 3525 783 3598 liberati
813 3539 919 3600 erant
949 3554 971 3601 a
998 3531 1174 3603 servitute

129 3637 369 3733 AEgyptiaca3
396 3637 434 3707 in
451 3637 689 3711 Testamento
707 3640 827 3728 Novo,
843 3641 1041 3715 celebratio
1058 3667 1173 3716 coecoe

132 3748 347 3836 Domitiae,
365 3748 403 3819 in
431 3771 503 3842 qua
526 3761 750 3822 memoratur
770 3751 939 3825 liberatio
963 3768 1090 3828 nostra
1108 3780 1175 3852 per

131 3872 287 3934 mortem
310 3861 349 3931 in
375 3884 483 3933 cruce
502 3861 706 3935 Servatoris
723 3866 840 3937 nostri
858 3889 881 3937 a
897 3867 1073 3941 servitute
1089 3893 1175 3965 pec·

133 3976 217 4048 cati.
270 3975 549 4047 Sacramentum
575 3975 804 4050 admissionis
827 3982 939 4053 semel
957 3993 1101 4055 tautum
1118 3984 1174 4072 fit,

132 4100 328 4183 propterea
356 4088 455 4184 quod
483 4089 596 4161 semel
629 4102 774 4162 tantum
808 4092 1049 4168 admittimur.
1102 4097 1176 4169 Sed

134 4203 304 4296 quoniam
323 4203 540 4274 beneficium
559 4203 626 4275 Dei
644 4205 681 4276 in
700 4205 906 4279 hominibus
921 4209 1119 4299 servandis,
1138 4224 1176 4282 et

83 4363 90 4386 .
134 4314 297 4388 debitum
315 4331 482 4388 nostrum
499 4316 699 4405 fidelitatis²
718 4341 809 4412 opus
828 4318 937 4393 habet
954 4332 996 4393 ut
1013 4345 1109 4418 saepe
1123 4323 1177 4395 in·
