2926 4980
384 378 438 428 oa
458 375 652 429 c1v1rara
674 375 941 429 cnn1sr1ana.
1110 361 1184 439 387

193 546 281 617 Post
312 544 415 617 hunc
444 544 552 617 electi
587 555 673 616 sunt
703 544 741 616 in
768 545 954 640 apostolos
983 545 1115 619 Paulus
1146 557 1184 618 et
1208 577 1285 628 cip,
1298 576 1384 627 χιιι,

142 657 340 742 Barnabas,
354 656 399 729 de
423 680 580 753 quorum
600 655 779 729 electione
796 657 931 752 legitur
947 657 1031 730 Act.
1051 657 1125 730 xiii.
1151 668 1181 744 l,
1220 659 1372 779 m

141 782 177 858 2,
196 781 241 844 3:
268 771 397 843 Erant
425 780 545 843 uectem
576 769 792 842 Antiochioe
823 770 861 842 in
893 769 1057 844 ecclesia
1085 797 1182 869 pro·
1219 786 1372 832 samsai

134 885 261 982 piretu
278 892 316 955 et
334 883 508 955 doctores
526 882 744 973 Barnabas,
763 893 801 955 ut
820 883 968 957 Simeon
994 885 1184 982 cognomi-

142 1008 253 1070 natus
271 996 412 1093 Niger,
431 1006 469 1068 et
486 995 627 1069 Lucius
652 1021 676 1067 a
702 994 860 1093 Cyrene,
879 1007 916 1069 et
934 998 1127 1071 Manuhen
1145 1011 1184 1072 et

143 1110 292 1184 Saulus.
344 1109 595 1182 Precantibus
613 1119 736 1182 nutem
755 1109 836 1182 illis
852 1111 1056 1202 Dominum,
1075 1121 1113 1184 et
1120 1113 1184 1207 je-

133 1224 369 1321 junantibus,
384 1223 484 1295 dicit
499 1222 670 1318 Spiritus
685 1222 848 1295 Sanctus
859 1251 872 1295 .·
899 1234 1080 1321 separate
1093 1224 1184 1297 milri

142 1335 362 1410 Barsalium
375 1345 413 1407 ct
424 1334 576 1407 Sunium
590 1335 645 1406 ad
656 1360 750 1432 opus
763 1335 818 1408 ad
826 1335 929 1435 quod
940 1337 1069 1410 vocavi
1083 1336 1182 1411 ilios.

146 1451 307 1549 Cumque
327 1451 579 1545 jejunassent,
602 1459 640 1521 et
664 1451 818 1546 precati
843 1459 979 1538 essent,
997 1460 1035 1523 et
1056 1475 1184 1523 munus

143 1564 224 1637 iliis
251 1564 526 1661 imposuissent,
545 1563 767 1635 dimiserunt
792 1563 891 1637 ilios.
943 1565 997 1637 Ex
1016 1588 1089 1660 quo
1106 1589 1184 1637 ma·

143 1681 317 1754 niiestum
348 1690 415 1765 est,
446 1704 656 1776 quanquam
686 1704 708 1752 a
739 1681 879 1776 Spiritu
905 1682 1041 1754 Sancto
1075 1681 1184 1754 electi

143 1808 259 1883 erant,
274 1805 426 1867 vocatos
452 1806 576 1866 tamen
602 1816 665 1865 eos
690 1793 803 1865 fuisse
820 1795 867 1867 ab
886 1795 1040 1868 ecclesia
1053 1794 1185 1869 Antio-

144 1909 271 1981 chena.
324 1908 460 1980 Munus
478 1920 614 1995 autem,
627 1906 673 1979 ad
692 1907 791 2003 quod
807 1909 929 1981 vocati
946 1920 1062 1998 erant,
1073 1908 1186 1982 fuisse

144 2021 402 2116 apostolatum,
433 2022 667 2096 manifestum
702 2034 758 2094 est
788 2046 833 2093 ex
864 2047 907 2095 eo
940 2022 1039 2118 quod
1064 2023 1185 2096 vocati

145 2146 232 2207 sunt
249 2136 357 2208 ambo
371 2136 527 2232 apostoli
548 2135 647 2226 (Act.
666 2135 738 2207 xiv.
755 2138 829 2228 13).
871 2136 921 2208 Et
938 2136 1039 2232 quod
1056 2136 1094 2209 in
1112 2136 1185 2209 vir·

145 2260 224 2322 tute
259 2249 367 2345 hujus
401 2249 602 2322 vocationis
635 2249 707 2320 fuit
741 2249 839 2345 quod
874 2249 1031 2345 apostoli
1066 2260 1183 2338 erant,

146 2362 302 2435 Sanctus
321 2362 453 2435 Paulus
465 2361 656 2434 manifeste
675 2362 815 2435 indicat
835 2363 959 2453 (Rom.
974 2363 998 2435 i.
1019 2363 1069 2457 l),
1083 2387 1188 2459 apos-

146 2476 264 2548 tolum
292 2500 331 2548 se
351 2485 569 2572 separatum
587 2501 722 2549 vocans
740 2477 795 2549 ud
821 2475 1070 2573 Euangelium
1097 2477 1186 2567 Dei,

146 2589 384 2684 alludensque
402 2589 451 2661 ad
468 2590 580 2662 verba
598 2589 757 2684 Spiritus
776 2589 904 2662 Sancti
921 2588 1099 2673 dicentis;
1130 2616 1188 2662 se-

144 2712 289 2801 parate
306 2701 396 2774 mihi
406 2702 626 2775 Barnabam
644 2712 682 2775 et
700 2701 862 2792 Sunium,
881 2715 950 2777 eto.
1004 2704 1189 2778 Quoniam

147 2828 271 2890 autem
298 2817 464 2912 apostolo
487 2841 578 2912 opus
596 2831 676 2889 erat
694 2828 826 2890 testem
847 2841 925 2889 esse
951 2818 1188 2891 resurrectio-

147 2930 203 3002 nis
222 2929 370 3017 Christi,
390 2942 529 3024 quaeret
544 2929 700 3002 fortassc
717 2929 848 3026 aliquis
862 2931 1047 3027 quomodo
1061 2931 1189 3004 testari

147 3043 185 3116 id
203 3042 322 3139 potuit
341 3043 378 3115 S.
398 3043 543 3132 Paulus,
562 3043 726 3138 quicum
745 3044 939 3118 Servatore
957 3056 1084 3118 nostro
1102 3057 1189 3118 ante

148 3170 305 3229 mortem
323 3158 400 3251 ejus
410 3181 598 3251 nunquam
616 3166 852 3229 conversatus
867 3169 958 3230 erat.
996 3158 1065 3230 Cui
1081 3158 1189 3231 facile

147 3268 402 3365 respondetur,
427 3269 614 3341 Christum
641 3267 760 3363 ipsum
790 3269 901 3341 Paulo
930 3270 1140 3365 apparuisse
1168 3293 1189 3342 e

148 3382 253 3471 coelo,
264 3393 458 3477 postquam
476 3392 682 3477 assumptus
701 3393 808 3470 esset,
823 3381 997 3478 illumque
1018 3382 1119 3475 (Act.
1138 3383 1189 3455 ix.

153 3497 213 3586 15)
234 3495 396 3591 elegisse,
415 3507 457 3568 ut
477 3520 613 3568 nomen
641 3496 719 3591 ejus
744 3495 937 3591 adgentes
955 3508 1133 3594 portaret,
1151 3508 1189 3570 et

148 3609 196 3681 ad
214 3632 330 3704 reges,
344 3619 380 3681 et
397 3608 444 3681 ad
461 3609 557 3682 filios
574 3609 731 3682 Israelis.
773 3608 866 3681 Cum
883 3633 972 3705 ergo
991 3609 1190 3683 Dominum

147 3722 299 3795 vidisset
342 3723 611 3809 resuscitatum,
651 3722 928 3795 resurrectionis
964 3723 1069 3795 testis
1112 3738 1190 3796 erat

148 3860 222 3907 non
236 3834 440 3908 inidoneus.
486 3836 672 3908 Barnabas
688 3847 811 3908 autem
828 3836 949 3909 fuerat
964 3836 1102 3909 Christi
1120 3836 1192 3910 dis-

147 3950 302 4046 cipulus

198 4063 412 4160 Episcopus,
430 4064 633 4160 inspector,
651 4076 731 4137 erat
754 4063 784 4135 is
811 4063 875 4157 qui
903 4064 1109 4160 cuicunque
1126 4087 1181 4136 ne·

148 4177 251 4271 gotio
268 4190 349 4249 erat
365 4176 594 4272 praepositus,
613 4176 804 4272 speciatim
821 4188 944 4248 autem
966 4189 1093 4273 pastor
1115 4177 1191 4250 sire

149 4300 271 4362 custos
289 4290 438 4373 ovium;
466 4300 504 4361 et
528 4289 614 4362 inde
639 4287 891 4384 metaphorice
910 4313 979 4362 vox
1006 4289 1069 4363 ilia
1085 4314 1191 4363 usur·

977 4424 1067 4479 002
