2926 4980
344 335 415 399 534
580 347 796 400 nnannnrx
816 348 871 399 nu
892 347 1149 400 narrarunt.

174 548 252 598 cap,
267 549 291 597 ι,
343 527 441 601 cent,
468 512 623 586 facimus
650 539 718 610 pro
744 515 861 587 tribus
886 514 1051 610 personis
1069 525 1144 587 tres
1162 516 1404 589 substantias

160 628 308 749 ὦ
344 628 496 716 divinas,
514 627 552 700 id
570 638 637 717 est,
664 640 738 701 tres
756 628 864 702 Deos.
918 628 1160 701 Bellarminus
1191 640 1232 703 et
1264 629 1404 703 docto·

167 757 257 801 Nican-
344 764 402 813 res
421 743 545 814 caeteri
562 742 639 815 fere
656 766 783 815 omnes
800 767 995 838 personam
1009 741 1189 816 definiunt
1207 768 1294 817 esse
1312 746 1403 817 sub-

345 855 519 928 stantiam
537 855 692 951 primam
709 855 990 951 intelligentem,
1008 854 1046 927 id
1064 864 1130 944 est,
1143 858 1401 931 substantiam

346 968 585 1057 individuam,
612 968 651 1041 id
681 981 748 1056 est,
771 969 1006 1064 singularem,
1023 966 1089 1040 sed
1107 969 1399 1066 intelligentem,

346 1094 389 1155 ut
406 1083 536 1168 Deum,
556 1076 753 1169 Christum,
772 1083 949 1178 Spiritum
964 1083 1152 1172 Sanctum,
1167 1084 1397 1173 Gabrielem,

347 1199 506 1270 Petrum.
572 1194 672 1269 Quid
703 1206 826 1268 autem
857 1206 943 1268 sunt
970 1208 1045 1271 tres
1076 1196 1147 1268 illae
1174 1199 1398 1272 substantiae

346 1313 486 1408 primae,
506 1312 625 1398 Pater,
644 1310 766 1399 Filius,
786 1321 823 1382 et
842 1310 1000 1406 Spiritus
1027 1315 1196 1401 Sanctus,
1224 1312 1300 1385 nisi
1320 1325 1397 1385 tres

347 1424 560 1498 substantiae
575 1423 733 1498 divinae?
774 1423 885 1497 Quod
903 1436 1026 1498 tamen
1044 1437 1100 1500 est
1117 1437 1250 1499 contra
1265 1425 1395 1499 fidem.

348 1539 434 1610 Non
462 1536 643 1608 intellexit
664 1536 903 1609 Bellarminus
920 1538 994 1610 vim
1012 1541 1153 1612 Latinae
1174 1540 1277 1612 vocis
1296 1563 1396 1637 per-

347 1675 459 1722 ronoe.
512 1650 606 1724 Quae
623 1673 696 1723 vox
713 1650 744 1723 si
762 1650 944 1745 significet
959 1654 1115 1748 primam
1133 1653 1395 1739 substantiam,

347 1788 470 1838 nonne
486 1778 633 1852 πρόσωπον
651 1765 873 1861 significaret
888 1765 985 1838 idem
1003 1766 1157 1840 Graece?
1185 1766 1301 1840 Quod
1319 1790 1395 1838 non

347 1892 405 1951 est
416 1902 544 1951 verum
560 1910 568 1962 ;
595 1902 681 1950 nam
697 1876 880 1972 significat
896 1880 1043 1975 proprie
1059 1880 1192 1952 faciem
1216 1879 1394 1968 hominis,

347 2003 426 2064 tum
453 1991 669 2078 naturalem,
697 2001 776 2062 tum
794 1990 1021 2064 artificialem
1049 1993 1123 2064 sive
1140 1993 1295 2079 larvam,
1313 2005 1393 2066 tum

347 2106 457 2178 etiam
483 2106 615 2178 faciem
640 2104 976 2200 representativam,
1003 2106 1113 2202 idque
1130 2130 1205 2179 non
1224 2107 1339 2180 modo
1356 2106 1393 2179 in

346 2219 503 2308 theatro,
522 2218 715 2290 sedetiam
736 2216 870 2289 inforo
899 2228 936 2289 et
962 2219 1125 2291 ecclesia.
1177 2220 1307 2293 Facies
1330 2245 1395 2294 au-

348 2343 424 2404 tem
442 2330 740 2427 representativa,
759 2329 847 2424 quid
865 2331 966 2403 aliud
983 2346 1040 2405 est
1058 2357 1166 2428 quarn
1184 2333 1312 2430 imago
1336 2335 1395 2408 vel

349 2445 540 2517 character
558 2443 835 2539 repraesentati?
887 2445 1008 2539 Atque
1030 2470 1073 2518 eo
1089 2471 1198 2519 sensu
1215 2472 1239 2518 a
1252 2447 1395 2522 Sancto

349 2559 461 2630 Paulo
488 2558 659 2630 Servator
682 2569 809 2628 noster
834 2557 944 2646 (Heb.
964 2559 987 2629 i.
1009 2561 1047 2650 3)
1067 2561 1274 2655 appellatur
1308 2565 1397 2636 cha-

349 2684 469 2744 racter
486 2670 700 2743 substantiae
719 2668 798 2740 Dei.

399 2785 447 2855 A.
476 2785 576 2859 Quid
611 2796 733 2854 autern
768 2781 806 2852 in
838 2782 1029 2878 Scriptura
1063 2786 1175 2857 Sacra
1205 2787 1397 2882 significat

347 2902 491 2974 apricantur
501 2899 515 2956 ἲ

398 3005 445 3076 Β.
475 3003 577 3076 Nihil
611 3001 771 3098 proprie,
806 3013 942 3094 praeter
976 3001 1106 3078 faciem
1142 3028 1207 3076 seu
1234 3005 1393 3080 vultum.

350 3118 622 3213 Synecdochice
653 3126 777 3187 autem
811 3113 1007 3208 aliqnando
1037 3118 1186 3212 ponitur
1212 3142 1281 3213 pro
1312 3118 1395 3215 ipso

348 3231 506 3318 homine,
536 3245 576 3303 ut
603 3230 641 3303 in
663 3251 752 3301 voce
770 3241 1001 3315 προσωποληψία.
1059 3232 1132 3304 Sed
1158 3232 1194 3302 in
1224 3234 1394 3327 symbolo

348 3347 446 3432 fidei,
459 3347 596 3418 mentio
610 3344 711 3416 nulla
724 3360 780 3418 est
798 3371 917 3443 neque
931 3370 1108 3443 personae,
1120 3368 1239 3440 neque
1257 3345 1395 3440 hypos-

348 3469 478 3546 taseos,
496 3482 616 3553 neque
635 3457 832 3542 trinitatis;
860 3461 929 3530 etsi
956 3458 1162 3554 hypostasis
1180 3470 1340 3552 ponatur
1354 3460 1393 3531 in

348 3571 513 3667 symbolo
541 3571 734 3643 Athanasii
762 3571 902 3661 Graeco,
922 3572 1021 3668 quod
1049 3569 1254 3667 symbolum
1273 3571 1392 3644 Atha-

347 3685 452 3773 nasii,
471 3684 535 3756 sed
558 3686 636 3757 sine
662 3708 752 3756 voce
773 3683 972 3780 hypostasi,
992 3685 1121 3779 recipit
1143 3683 1296 3755 ecclesia
1314 3709 1392 3758 non

346 3798 452 3871 aliter
483 3823 592 3893 quam
618 3823 685 3893 pro
713 3797 798 3868 fidei
826 3798 976 3870 Nicenae
1005 3798 1229 3893 paraphrasi.
1292 3799 1391 3871 Nam

346 3936 465 4007 neque
484 3912 699 4006 symbolum,
718 3933 835 4005 neque
862 3910 947 3981 fidei
978 3910 1154 3982 articulus
1182 3933 1277 3981 unus
1309 3913 1391 4006 qui-

346 4049 501 4121 cunque,
520 4025 745 4097 authoritate
768 4024 962 4096 doctorum
987 4024 1237 4118 singularium,
1256 4047 1389 4119 neque,

346 4138 415 4210 nisi
429 4161 495 4232 per
513 4137 663 4209 modurn
681 4137 947 4232 interpretandi
960 4137 1166 4232 Scripturas
1181 4138 1323 4227 Sacras,
1343 4139 1391 4211 ab

346 4251 499 4324 ecclesia
513 4251 696 4338 universa,
716 4251 891 4322 constitui
909 4252 1040 4346 potuit.
