<?xml version="1.0" encoding="UTF-8"?>
<!DOCTYPE html PUBLIC "-//W3C//DTD XHTML 1.0 Transitional//EN"
    "http://www.w3.org/TR/xhtml1/DTD/xhtml1-transitional.dtd">
<html xmlns="http://www.w3.org/1999/xhtml" xml:lang="en" lang="en">
 <head>
  <title>
</title>
<meta http-equiv="Content-Type" content="text/html;charset=utf-8" />
  <meta name='ocr-system' content='tesseract 3.04.00' />
  <meta name='ocr-capabilities' content='ocr_page ocr_carea ocr_par ocr_line ocrx_word'/>
</head>
<body>
  <div class='ocr_page' id='page_1' title='image "./thomhobbesmalme02hobbgoog_0052.png"; bbox 0 0 2926 4980; ppageno 0'>
   <div class='ocr_carea' id='block_1_1' title="bbox 522 355 1166 420">
    <p class='ocr_par' dir='ltr' id='par_1_1' title="bbox 522 355 1166 420">
     <span class='ocr_line' id='line_1_1' title="bbox 522 355 1166 420; baseline 0.005 -5"><span class='ocrx_word' id='word_1_1' title='bbox 522 363 576 415; x_wconf 81' lang='lat' dir='ltr'>DE</span> <span class='ocrx_word' id='word_1_2' title='bbox 597 364 781 417; x_wconf 70' lang='lat' dir='ltr'>nomme.</span> <span class='ocrx_word' id='word_1_3' title='bbox 1120 355 1166 420; x_wconf 83' lang='lat'>39</span> 
     </span>
    </p>
   </div>
   <div class='ocr_carea' id='block_1_2' title="bbox 122 543 1166 1323">
    <p class='ocr_par' dir='ltr' id='par_1_2' title="bbox 122 543 1166 1072">
     <span class='ocr_line' id='line_1_2' title="bbox 123 543 1166 642; baseline 0.006 -26"><span class='ocrx_word' id='word_1_4' title='bbox 123 555 287 640; x_wconf 88' lang='lat' dir='ltr'>utraque</span> <span class='ocrx_word' id='word_1_5' title='bbox 317 543 431 633; x_wconf 81' lang='lat' dir='ltr'>utilia,</span> <span class='ocrx_word' id='word_1_6' title='bbox 465 546 645 642; x_wconf 76' lang='lat' dir='ltr'><strong>posterior</strong></span> <span class='ocrx_word' id='word_1_7' title='bbox 678 559 801 621; x_wconf 90' lang='lat' dir='ltr'>autem</span> <span class='ocrx_word' id='word_1_8' title='bbox 834 547 1048 623; x_wconf 82' lang='lat' dir='ltr'>infallibilis.</span> <span class='ocrx_word' id='word_1_9' title='bbox 1100 548 1166 622; x_wconf 90' lang='lat' dir='ltr'>Ille</span> 
     </span>
     <span class='ocr_line' id='line_1_3' title="bbox 124 657 1166 754; baseline 0.007 -24"><span class='ocrx_word' id='word_1_10' title='bbox 124 657 536 754; x_wconf 86' lang='lat' dir='ltr'>autem,quiconfidens</span> <span class='ocrx_word' id='word_1_11' title='bbox 547 659 615 732; x_wconf 91' lang='lat' dir='ltr'>soli</span> <span class='ocrx_word' id='word_1_12' title='bbox 625 660 802 735; x_wconf 88' lang='lat' dir='ltr'>librorum</span> <span class='ocrx_word' id='word_1_13' title='bbox 812 661 1036 752; x_wconf 90' lang='lat' dir='ltr'>authoritati,</span> <span class='ocrx_word' id='word_1_14' title='bbox 1048 684 1166 737; x_wconf 86' lang='lat' dir='ltr'>caecos</span> 
     </span>
     <span class='ocr_line' id='line_1_4' title="bbox 124 771 1166 870; baseline 0.007 -27"><span class='ocrx_word' id='word_1_15' title='bbox 124 794 226 844; x_wconf 84' lang='lat' dir='ltr'>caece</span> <span class='ocrx_word' id='word_1_16' title='bbox 251 771 429 867; x_wconf 88' lang='lat' dir='ltr'>sequitur,</span> <span class='ocrx_word' id='word_1_17' title='bbox 455 771 582 845; x_wconf 89' lang='lat' dir='ltr'>similis</span> <span class='ocrx_word' id='word_1_18' title='bbox 612 773 665 846; x_wconf 91' lang='lat' dir='ltr'>illi</span> <span class='ocrx_word' id='word_1_19' title='bbox 690 784 758 863; x_wconf 91' lang='lat' dir='ltr'>est,</span> <span class='ocrx_word' id='word_1_20' title='bbox 786 775 850 870; x_wconf 90' lang='lat' dir='ltr'>qui</span> <span class='ocrx_word' id='word_1_21' title='bbox 879 773 996 848; x_wconf 89' lang='lat' dir='ltr'>fidens</span> <span class='ocrx_word' id='word_1_22' title='bbox 1022 774 1166 851; x_wconf 86' lang='lat' dir='ltr'>lanistae</span> 
     </span>
     <span class='ocr_line' id='line_1_5' title="bbox 124 884 1165 986; baseline 0.005 -29"><span class='ocrx_word' id='word_1_23' title='bbox 124 884 280 980; x_wconf 88' lang='lat' dir='ltr'>alicujus</span> <span class='ocrx_word' id='word_1_24' title='bbox 304 886 442 982; x_wconf 85' lang='lat' dir='ltr'>regulis</span> <span class='ocrx_word' id='word_1_25' title='bbox 468 885 579 976; x_wconf 84' lang='lat' dir='ltr'>falsis,</span> <span class='ocrx_word' id='word_1_26' title='bbox 604 887 748 960; x_wconf 89' lang='lat' dir='ltr'>hostem</span> <span class='ocrx_word' id='word_1_27' title='bbox 772 887 932 982; x_wconf 91' lang='lat' dir='ltr'>peritum</span> <span class='ocrx_word' id='word_1_28' title='bbox 958 910 1165 986; x_wconf 80' lang='lat' dir='ltr'>aggressus,</span> 
     </span>
     <span class='ocr_line' id='line_1_6' title="bbox 122 996 796 1072; baseline 0.003 -2"><span class='ocrx_word' id='word_1_29' title='bbox 122 996 182 1070; x_wconf 78' lang='lat' dir='ltr'>rel</span> <span class='ocrx_word' id='word_1_30' title='bbox 198 997 421 1071; x_wconf 85' lang='lat' dir='ltr'>interficitur</span> <span class='ocrx_word' id='word_1_31' title='bbox 436 998 495 1071; x_wconf 88' lang='lat' dir='ltr'>vel</span> <span class='ocrx_word' id='word_1_32' title='bbox 512 999 623 1072; x_wconf 86' lang='lat' dir='ltr'>armis</span> <span class='ocrx_word' id='word_1_33' title='bbox 640 999 796 1072; x_wconf 86' lang='lat' dir='ltr'>exuitur.</span> 
     </span>
    </p>

    <p class='ocr_par' dir='ltr' id='par_1_3' title="bbox 125 1111 1164 1323">
     <span class='ocr_line' id='line_1_7' title="bbox 174 1111 1164 1209; baseline 0.005 -25"><span class='ocrx_word' id='word_1_34' title='bbox 174 1111 349 1185; x_wconf 85' lang='lat' dir='ltr'>Scientiae</span> <span class='ocrx_word' id='word_1_35' title='bbox 366 1112 473 1209; x_wconf 87' lang='lat' dir='ltr'>signa</span> <span class='ocrx_word' id='word_1_36' title='bbox 488 1122 575 1185; x_wconf 87' lang='lat' dir='ltr'>sunt</span> <span class='ocrx_word' id='word_1_37' title='bbox 588 1111 659 1186; x_wconf 91' lang='lat' dir='ltr'>alia</span> <span class='ocrx_word' id='word_1_38' title='bbox 673 1123 780 1187; x_wconf 83' lang='lat' dir='ltr'>certa</span> <span class='ocrx_word' id='word_1_39' title='bbox 792 1124 830 1186; x_wconf 91' lang='lat' dir='ltr'>et</span> <span class='ocrx_word' id='word_1_40' title='bbox 840 1112 1065 1200; x_wconf 54' lang='lat' dir='ltr'>infallibilia</span> <span class='ocrx_word' id='word_1_41' title='bbox 1092 1115 1164 1189; x_wconf 92' lang='lat' dir='ltr'>alia</span> 
     </span>
     <span class='ocr_line' id='line_1_8' title="bbox 125 1225 1163 1323; baseline 0.003 -25"><span class='ocrx_word' id='word_1_42' title='bbox 125 1226 285 1299; x_wconf 75' lang='lat' dir='ltr'>incerta.</span> <span class='ocrx_word' id='word_1_43' title='bbox 340 1225 458 1298; x_wconf 85' lang='lat' dir='ltr'>Certa</span> <span class='ocrx_word' id='word_1_44' title='bbox 484 1237 581 1315; x_wconf 90' lang='lat' dir='ltr'>sunt,</span> <span class='ocrx_word' id='word_1_45' title='bbox 607 1227 753 1323; x_wconf 90' lang='lat' dir='ltr'>quando</span> <span class='ocrx_word' id='word_1_46' title='bbox 781 1226 844 1323; x_wconf 90' lang='lat' dir='ltr'>qni</span> <span class='ocrx_word' id='word_1_47' title='bbox 869 1227 970 1302; x_wconf 77' lang='lat' dir='ltr'>scire</span> <span class='ocrx_word' id='word_1_48' title='bbox 996 1251 1034 1302; x_wconf 92' lang='lat' dir='ltr'>se</span> <span class='ocrx_word' id='word_1_49' title='bbox 1061 1227 1163 1319; x_wconf 93' lang='lat' dir='ltr'>dicit,</span> 
     </span>
    </p>
   </div>
   <div class='ocr_carea' id='block_1_3' title="bbox 120 1338 1166 3245">
    <p class='ocr_par' dir='ltr' id='par_1_4' title="bbox 120 1338 1166 3245">
     <span class='ocr_line' id='line_1_9' title="bbox 125 1338 1165 1436; baseline 0.002 -24"><span class='ocrx_word' id='word_1_50' title='bbox 125 1339 223 1413; x_wconf 90' lang='lat' dir='ltr'>idem</span> <span class='ocrx_word' id='word_1_51' title='bbox 235 1339 392 1413; x_wconf 90' lang='lat' dir='ltr'>alterum</span> <span class='ocrx_word' id='word_1_52' title='bbox 406 1338 539 1413; x_wconf 91' lang='lat' dir='ltr'>docere</span> <span class='ocrx_word' id='word_1_53' title='bbox 552 1349 589 1412; x_wconf 91' lang='lat' dir='ltr'>et</span> <span class='ocrx_word' id='word_1_54' title='bbox 600 1339 793 1412; x_wconf 88' lang='lat' dir='ltr'>veritatem</span> <span class='ocrx_word' id='word_1_55' title='bbox 805 1340 997 1436; x_wconf 89' lang='lat' dir='ltr'>perspicue</span> <span class='ocrx_word' id='word_1_56' title='bbox 1014 1339 1165 1414; x_wconf 91' lang='lat' dir='ltr'>demon-</span> 
     </span>
     <span class='ocr_line' id='line_1_10' title="bbox 124 1452 1164 1551; baseline 0.001 -25"><span class='ocrx_word' id='word_1_57' title='bbox 124 1465 243 1526; x_wconf 85' lang='lat' dir='ltr'>strare</span> <span class='ocrx_word' id='word_1_58' title='bbox 280 1462 415 1550; x_wconf 85' lang='lat' dir='ltr'>potest.</span> <span class='ocrx_word' id='word_1_59' title='bbox 485 1452 651 1543; x_wconf 84' lang='lat' dir='ltr'>Incerto,</span> <span class='ocrx_word' id='word_1_60' title='bbox 686 1452 834 1548; x_wconf 90' lang='lat' dir='ltr'>quando</span> <span class='ocrx_word' id='word_1_61' title='bbox 868 1453 907 1527; x_wconf 92' lang='lat' dir='ltr'>in</span> <span class='ocrx_word' id='word_1_62' title='bbox 947 1454 1164 1551; x_wconf 88' lang='lat' dir='ltr'>quibusdam</span> 
     </span>
     <span class='ocr_line' id='line_1_11' title="bbox 124 1564 1164 1661; baseline 0 -23"><span class='ocrx_word' id='word_1_63' title='bbox 124 1576 272 1638; x_wconf 83' lang='lat' dir='ltr'>tantum</span> <span class='ocrx_word' id='word_1_64' title='bbox 304 1566 413 1639; x_wconf 91' lang='lat' dir='ltr'>rebus</span> <span class='ocrx_word' id='word_1_65' title='bbox 446 1565 486 1637; x_wconf 92' lang='lat' dir='ltr'>id</span> <span class='ocrx_word' id='word_1_66' title='bbox 521 1564 618 1661; x_wconf 92' lang='lat' dir='ltr'>quod</span> <span class='ocrx_word' id='word_1_67' title='bbox 653 1564 743 1639; x_wconf 92' lang='lat' dir='ltr'>dicit</span> <span class='ocrx_word' id='word_1_68' title='bbox 774 1588 901 1639; x_wconf 92' lang='lat' dir='ltr'>verum</span> <span class='ocrx_word' id='word_1_69' title='bbox 935 1578 1002 1657; x_wconf 91' lang='lat' dir='ltr'>est,</span> <span class='ocrx_word' id='word_1_70' title='bbox 1034 1566 1164 1641; x_wconf 89' lang='lat' dir='ltr'>sedin</span> 
     </span>
     <span class='ocr_line' id='line_1_12' title="bbox 124 1678 1164 1776; baseline 0 -24"><span class='ocrx_word' id='word_1_71' title='bbox 124 1679 250 1752; x_wconf 89' lang='lat' dir='ltr'>multis</span> <span class='ocrx_word' id='word_1_72' title='bbox 284 1679 364 1751; x_wconf 90' lang='lat' dir='ltr'>aliis</span> <span class='ocrx_word' id='word_1_73' title='bbox 399 1702 473 1752; x_wconf 92' lang='lat' dir='ltr'>non</span> <span class='ocrx_word' id='word_1_74' title='bbox 508 1678 608 1751; x_wconf 88' lang='lat' dir='ltr'>item.</span> <span class='ocrx_word' id='word_1_75' title='bbox 662 1678 790 1775; x_wconf 87' lang='lat' dir='ltr'>ltaque</span> <span class='ocrx_word' id='word_1_76' title='bbox 821 1679 927 1774; x_wconf 86' lang='lat' dir='ltr'>signa</span> <span class='ocrx_word' id='word_1_77' title='bbox 959 1679 1164 1776; x_wconf 68' lang='lat' dir='ltr'>prudentiae</span> 
     </span>
     <span class='ocr_line' id='line_1_13' title="bbox 124 1792 1163 1882; baseline -0.002 -16"><span class='ocrx_word' id='word_1_78' title='bbox 124 1793 267 1866; x_wconf 90' lang='lat' dir='ltr'>incerta</span> <span class='ocrx_word' id='word_1_79' title='bbox 287 1793 412 1866; x_wconf 90' lang='lat' dir='ltr'>omnia</span> <span class='ocrx_word' id='word_1_80' title='bbox 432 1802 529 1865; x_wconf 91' lang='lat' dir='ltr'>sunt.</span> <span class='ocrx_word' id='word_1_81' title='bbox 581 1792 700 1865; x_wconf 93' lang='lat' dir='ltr'>Nemo</span> <span class='ocrx_word' id='word_1_82' title='bbox 724 1793 821 1864; x_wconf 90' lang='lat' dir='ltr'>enim</span> <span class='ocrx_word' id='word_1_83' title='bbox 847 1815 971 1865; x_wconf 91' lang='lat' dir='ltr'>rerum</span> <span class='ocrx_word' id='word_1_84' title='bbox 988 1793 1163 1882; x_wconf 90' lang='lat' dir='ltr'>omnium,</span> 
     </span>
     <span class='ocr_line' id='line_1_14' title="bbox 125 1905 1164 2002; baseline -0.002 -23"><span class='ocrx_word' id='word_1_85' title='bbox 125 1928 215 2002; x_wconf 87' lang='lat' dir='ltr'>quas</span> <span class='ocrx_word' id='word_1_86' title='bbox 245 1918 420 2002; x_wconf 86' lang='lat' dir='ltr'>expertus</span> <span class='ocrx_word' id='word_1_87' title='bbox 450 1917 518 1993; x_wconf 94' lang='lat' dir='ltr'>est,</span> <span class='ocrx_word' id='word_1_88' title='bbox 550 1905 842 1978; x_wconf 84' lang='lat' dir='ltr'>circumstantias</span> <span class='ocrx_word' id='word_1_89' title='bbox 869 1906 1017 1979; x_wconf 89' lang='lat' dir='ltr'>eventui</span> <span class='ocrx_word' id='word_1_90' title='bbox 1042 1929 1164 1978; x_wconf 88' lang='lat' dir='ltr'>essen-</span> 
     </span>
     <span class='ocr_line' id='line_1_15' title="bbox 123 2017 1164 2115; baseline -0.002 -22"><span class='ocrx_word' id='word_1_91' title='bbox 123 2019 230 2093; x_wconf 88' lang='lat' dir='ltr'>tiales</span> <span class='ocrx_word' id='word_1_92' title='bbox 244 2018 382 2092; x_wconf 85' lang='lat' dir='ltr'>vidisse</span> <span class='ocrx_word' id='word_1_93' title='bbox 398 2027 533 2115; x_wconf 91' lang='lat' dir='ltr'>potest,</span> <span class='ocrx_word' id='word_1_94' title='bbox 550 2030 615 2089; x_wconf 91' lang='lat' dir='ltr'>aut</span> <span class='ocrx_word' id='word_1_95' title='bbox 631 2017 792 2089; x_wconf 87' lang='lat' dir='ltr'>visarum</span> <span class='ocrx_word' id='word_1_96' title='bbox 814 2018 1032 2091; x_wconf 86' lang='lat' dir='ltr'>meminisse.</span> <span class='ocrx_word' id='word_1_97' title='bbox 1085 2019 1164 2091; x_wconf 88' lang='lat' dir='ltr'>Cae-</span> 
     </span>
     <span class='ocr_line' id='line_1_16' title="bbox 123 2130 1166 2227; baseline -0.002 -21"><span class='ocrx_word' id='word_1_98' title='bbox 123 2144 244 2206; x_wconf 86' lang='lat' dir='ltr'>terum</span> <span class='ocrx_word' id='word_1_99' title='bbox 270 2133 310 2205; x_wconf 92' lang='lat' dir='ltr'>in</span> <span class='ocrx_word' id='word_1_100' title='bbox 338 2132 439 2205; x_wconf 92' lang='lat' dir='ltr'>omni</span> <span class='ocrx_word' id='word_1_101' title='bbox 466 2130 627 2227; x_wconf 90' lang='lat' dir='ltr'>negotio,</span> <span class='ocrx_word' id='word_1_102' title='bbox 659 2131 763 2226; x_wconf 90' lang='lat' dir='ltr'>cujus</span> <span class='ocrx_word' id='word_1_103' title='bbox 791 2130 893 2203; x_wconf 88' lang='lat' dir='ltr'>nulla</span> <span class='ocrx_word' id='word_1_104' title='bbox 926 2142 981 2205; x_wconf 93' lang='lat' dir='ltr'>est</span> <span class='ocrx_word' id='word_1_105' title='bbox 1012 2131 1166 2205; x_wconf 89' lang='lat' dir='ltr'>scientia</span> 
     </span>
     <span class='ocr_line' id='line_1_17' title="bbox 123 2242 1164 2341; baseline -0.001 -22"><span class='ocrx_word' id='word_1_106' title='bbox 123 2245 337 2334; x_wconf 83' lang='lat' dir='ltr'>infallibilis,</span> <span class='ocrx_word' id='word_1_107' title='bbox 359 2244 510 2341; x_wconf 89' lang='lat' dir='ltr'>proprio</span> <span class='ocrx_word' id='word_1_108' title='bbox 531 2242 671 2339; x_wconf 91' lang='lat' dir='ltr'>judicio</span> <span class='ocrx_word' id='word_1_109' title='bbox 701 2242 877 2332; x_wconf 88' lang='lat' dir='ltr'>diffidere,</span> <span class='ocrx_word' id='word_1_110' title='bbox 899 2245 1164 2340; x_wconf 86' lang='lat' dir='ltr'>sententiisque</span> 
     </span>
     <span class='ocr_line' id='line_1_18' title="bbox 123 2356 1163 2453; baseline 0 -21"><span class='ocrx_word' id='word_1_111' title='bbox 123 2359 300 2432; x_wconf 91' lang='lat' dir='ltr'>librorum</span> <span class='ocrx_word' id='word_1_112' title='bbox 319 2357 529 2431; x_wconf 88' lang='lat' dir='ltr'>ducendum</span> <span class='ocrx_word' id='word_1_113' title='bbox 546 2381 585 2430; x_wconf 91' lang='lat' dir='ltr'>se</span> <span class='ocrx_word' id='word_1_114' title='bbox 601 2356 825 2453; x_wconf 87' lang='lat' dir='ltr'>permittere,</span> <span class='ocrx_word' id='word_1_115' title='bbox 840 2357 1086 2453; x_wconf 90' lang='lat' dir='ltr'>imprudentia</span> <span class='ocrx_word' id='word_1_116' title='bbox 1095 2371 1163 2432; x_wconf 91' lang='lat' dir='ltr'>est.</span> 
     </span>
     <span class='ocr_line' id='line_1_19' title="bbox 122 2470 1165 2568; baseline -0.001 -23"><span class='ocrx_word' id='word_1_117' title='bbox 122 2473 243 2546; x_wconf 80' lang='lat' dir='ltr'>Etiam</span> <span class='ocrx_word' id='word_1_118' title='bbox 261 2471 409 2546; x_wconf 93' lang='lat' dir='ltr'>illorum</span> <span class='ocrx_word' id='word_1_119' title='bbox 426 2471 628 2559; x_wconf 90' lang='lat' dir='ltr'>hominum,</span> <span class='ocrx_word' id='word_1_120' title='bbox 643 2471 704 2565; x_wconf 91' lang='lat' dir='ltr'>qui</span> <span class='ocrx_word' id='word_1_121' title='bbox 719 2470 755 2542; x_wconf 90' lang='lat' dir='ltr'>in</span> <span class='ocrx_word' id='word_1_122' title='bbox 772 2471 934 2544; x_wconf 90' lang='lat' dir='ltr'>conciliis</span> <span class='ocrx_word' id='word_1_123' title='bbox 951 2473 1165 2568; x_wconf 90' lang='lat' dir='ltr'>rerumpub-</span> 
     </span>
     <span class='ocr_line' id='line_1_20' title="bbox 122 2583 1163 2681; baseline -0.003 -22"><span class='ocrx_word' id='word_1_124' title='bbox 122 2585 277 2659; x_wconf 89' lang='lat' dir='ltr'>licarum</span> <span class='ocrx_word' id='word_1_125' title='bbox 304 2584 396 2680; x_wconf 92' lang='lat' dir='ltr'>quid</span> <span class='ocrx_word' id='word_1_126' title='bbox 421 2585 459 2656; x_wconf 90' lang='lat' dir='ltr'>in</span> <span class='ocrx_word' id='word_1_127' title='bbox 484 2583 644 2680; x_wconf 88' lang='lat' dir='ltr'>politicis</span> <span class='ocrx_word' id='word_1_128' title='bbox 670 2594 706 2656; x_wconf 91' lang='lat' dir='ltr'>et</span> <span class='ocrx_word' id='word_1_129' title='bbox 730 2584 894 2656; x_wconf 90' lang='lat' dir='ltr'>historiis</span> <span class='ocrx_word' id='word_1_130' title='bbox 920 2595 958 2657; x_wconf 92' lang='lat' dir='ltr'>et</span> <span class='ocrx_word' id='word_1_131' title='bbox 986 2594 1163 2681; x_wconf 88' lang='lat' dir='ltr'>qnantum</span> 
     </span>
     <span class='ocr_line' id='line_1_21' title="bbox 120 2697 1163 2797; baseline -0.003 -24"><span class='ocrx_word' id='word_1_132' title='bbox 120 2699 347 2797; x_wconf 83' lang='lat' dir='ltr'>profecerint</span> <span class='ocrx_word' id='word_1_133' title='bbox 371 2708 555 2770; x_wconf 91' lang='lat' dir='ltr'>ostentare</span> <span class='ocrx_word' id='word_1_134' title='bbox 577 2709 712 2785; x_wconf 88' lang='lat' dir='ltr'>amant,</span> <span class='ocrx_word' id='word_1_135' title='bbox 729 2697 836 2793; x_wconf 87' lang='lat' dir='ltr'>pauci</span> <span class='ocrx_word' id='word_1_136' title='bbox 855 2708 990 2785; x_wconf 88' lang='lat' dir='ltr'>tamen,</span> <span class='ocrx_word' id='word_1_137' title='bbox 1008 2698 1071 2770; x_wconf 92' lang='lat' dir='ltr'>ubi</span> <span class='ocrx_word' id='word_1_138' title='bbox 1089 2721 1163 2770; x_wconf 87' lang='lat' dir='ltr'>suae</span> 
     </span>
     <span class='ocr_line' id='line_1_22' title="bbox 120 2809 1163 2910; baseline -0.003 -24"><span class='ocrx_word' id='word_1_139' title='bbox 120 2813 283 2910; x_wconf 88' lang='lat' dir='ltr'>ipsorum</span> <span class='ocrx_word' id='word_1_140' title='bbox 310 2834 369 2884; x_wconf 90' lang='lat' dir='ltr'>res</span> <span class='ocrx_word' id='word_1_141' title='bbox 397 2809 606 2883; x_wconf 88' lang='lat' dir='ltr'>domesticae</span> <span class='ocrx_word' id='word_1_142' title='bbox 632 2822 803 2905; x_wconf 86' lang='lat' dir='ltr'>aguntur,</span> <span class='ocrx_word' id='word_1_143' title='bbox 826 2809 865 2882; x_wconf 93' lang='lat' dir='ltr'>id</span> <span class='ocrx_word' id='word_1_144' title='bbox 889 2809 1052 2897; x_wconf 84' lang='lat' dir='ltr'>faciunt;</span> <span class='ocrx_word' id='word_1_145' title='bbox 1079 2835 1163 2884; x_wconf 91' lang='lat' dir='ltr'>cum</span> 
     </span>
     <span class='ocr_line' id='line_1_23' title="bbox 120 2922 1162 3021; baseline -0.002 -21"><span class='ocrx_word' id='word_1_146' title='bbox 120 2926 160 2999; x_wconf 92' lang='lat' dir='ltr'>in</span> <span class='ocrx_word' id='word_1_147' title='bbox 176 2950 244 3000; x_wconf 89' lang='lat' dir='ltr'>sna</span> <span class='ocrx_word' id='word_1_148' title='bbox 261 2925 376 3021; x_wconf 90' lang='lat' dir='ltr'>ipsius</span> <span class='ocrx_word' id='word_1_149' title='bbox 394 2947 434 2996; x_wconf 92' lang='lat' dir='ltr'>re</span> <span class='ocrx_word' id='word_1_150' title='bbox 451 2923 700 3019; x_wconf 91' lang='lat' dir='ltr'>unusquisque</span> <span class='ocrx_word' id='word_1_151' title='bbox 718 2922 807 2995; x_wconf 87' lang='lat' dir='ltr'>satis</span> <span class='ocrx_word' id='word_1_152' title='bbox 823 2922 984 3018; x_wconf 90' lang='lat' dir='ltr'>prudens</span> <span class='ocrx_word' id='word_1_153' title='bbox 1002 2935 1069 2998; x_wconf 90' lang='lat' dir='ltr'>est.</span> <span class='ocrx_word' id='word_1_154' title='bbox 1119 2926 1162 2998; x_wconf 89' lang='lat' dir='ltr'>Iu</span> 
     </span>
     <span class='ocr_line' id='line_1_24' title="bbox 120 3034 1161 3136; baseline -0.002 -24"><span class='ocrx_word' id='word_1_155' title='bbox 120 3039 267 3136; x_wconf 85' lang='lat' dir='ltr'>publico</span> <span class='ocrx_word' id='word_1_156' title='bbox 285 3049 411 3110; x_wconf 90' lang='lat' dir='ltr'>autem</span> <span class='ocrx_word' id='word_1_157' title='bbox 428 3035 576 3131; x_wconf 90' lang='lat' dir='ltr'>negotio</span> <span class='ocrx_word' id='word_1_158' title='bbox 593 3034 710 3130; x_wconf 88' lang='lat' dir='ltr'>magis</span> <span class='ocrx_word' id='word_1_159' title='bbox 726 3035 865 3131; x_wconf 93' lang='lat' dir='ltr'>proprii</span> <span class='ocrx_word' id='word_1_160' title='bbox 883 3036 1021 3132; x_wconf 89' lang='lat' dir='ltr'>ingenii</span> <span class='ocrx_word' id='word_1_161' title='bbox 1038 3039 1161 3112; x_wconf 88' lang='lat' dir='ltr'>existi-</span> 
     </span>
     <span class='ocr_line' id='line_1_25' title="bbox 120 3148 912 3245; baseline -0.003 -20"><span class='ocrx_word' id='word_1_162' title='bbox 120 3151 273 3226; x_wconf 86' lang='lat' dir='ltr'>mationi</span> <span class='ocrx_word' id='word_1_163' title='bbox 291 3148 445 3223; x_wconf 92' lang='lat' dir='ltr'>student</span> <span class='ocrx_word' id='word_1_164' title='bbox 461 3172 570 3245; x_wconf 90' lang='lat' dir='ltr'>quam</span> <span class='ocrx_word' id='word_1_165' title='bbox 588 3149 737 3244; x_wconf 89' lang='lat' dir='ltr'>negotio</span> <span class='ocrx_word' id='word_1_166' title='bbox 754 3149 912 3244; x_wconf 88' lang='lat' dir='ltr'>publico.</span> 
     </span>
    </p>
   </div>
   <div class='ocr_carea' id='block_1_4' title="bbox 550 3369 743 3379">
    <p class='ocr_par' dir='ltr' id='par_1_5' title="bbox 550 3369 743 3379">
     <span class='ocr_line' id='line_1_26' title="bbox 550 3369 743 3379; baseline 0 -1"><span class='ocrx_word' id='word_1_167' title='bbox 550 3369 743 3379; x_wconf 80' lang='lat'><em>———.-—</em></span> 
     </span>
    </p>
   </div>
   <div class='ocr_carea' id='block_1_5' title="bbox 514 3552 765 3626">
    <p class='ocr_par' dir='ltr' id='par_1_6' title="bbox 514 3552 765 3626">
     <span class='ocr_line' id='line_1_27' title="bbox 514 3552 765 3626; baseline 0 -1"><span class='ocrx_word' id='word_1_168' title='bbox 514 3552 676 3626; x_wconf 83' lang='lat' dir='ltr'><strong>CAPUT</strong></span> <span class='ocrx_word' id='word_1_169' title='bbox 700 3553 765 3625; x_wconf 86' lang='lat' dir='ltr'>Vl.</span> 
     </span>
    </p>
   </div>
   <div class='ocr_carea' id='block_1_6' title="bbox 119 3723 1162 3980">
    <p class='ocr_par' dir='ltr' id='par_1_7' title="bbox 119 3723 1162 3980">
     <span class='ocr_line' id='line_1_28' title="bbox 119 3723 1162 3791; baseline -0.003 -13"><span class='ocrx_word' id='word_1_170' title='bbox 119 3728 167 3778; x_wconf 76' lang='lat' dir='ltr'>1)ss</span> <span class='ocrx_word' id='word_1_171' title='bbox 180 3725 374 3777; x_wconf 79' lang='lat' dir='ltr'>PRINCIPHS</span> <span class='ocrx_word' id='word_1_172' title='bbox 386 3723 556 3774; x_wconf 81' lang='lat' dir='ltr'>INTERNIS</span> <span class='ocrx_word' id='word_1_173' title='bbox 571 3725 688 3774; x_wconf 84' lang='lat' dir='ltr'>MOTUS</span> <span class='ocrx_word' id='word_1_174' title='bbox 701 3724 934 3791; x_wconf 80' lang='lat' dir='ltr'>VOLUNTARH,</span> <span class='ocrx_word' id='word_1_175' title='bbox 948 3725 1030 3782; x_wconf 77' lang='lat' dir='ltr'>QUAE</span> <span class='ocrx_word' id='word_1_176' title='bbox 1044 3723 1162 3775; x_wconf 75' lang='lat' dir='ltr'>VULGO</span> 
     </span>
     <span class='ocr_line' id='line_1_29' title="bbox 202 3824 1079 3877; baseline -0.003 0"><span class='ocrx_word' id='word_1_177' title='bbox 202 3825 390 3877; x_wconf 75' lang='lat' dir='ltr'>PAssroues</span> <span class='ocrx_word' id='word_1_178' title='bbox 409 3824 684 3875; x_wconf 67' lang='lat' dir='ltr'>decantamus:</span> <span class='ocrx_word' id='word_1_179' title='bbox 712 3826 757 3874; x_wconf 84' lang='lat' dir='ltr'>ET</span> <span class='ocrx_word' id='word_1_180' title='bbox 776 3826 822 3874; x_wconf 82' lang='lat' dir='ltr'>DE</span> <span class='ocrx_word' id='word_1_181' title='bbox 840 3825 1079 3874; x_wconf 79' lang='lat' dir='ltr'>ORATIONlBUS</span> 
     </span>
     <span class='ocr_line' id='line_1_30' title="bbox 428 3925 849 3980; baseline -0.014 0"><span class='ocrx_word' id='word_1_182' title='bbox 428 3925 556 3980; x_wconf 84' lang='lat' dir='ltr'><strong>QUIBUS</strong></span> <span class='ocrx_word' id='word_1_183' title='bbox 574 3925 849 3975; x_wconf 76' lang='lat' dir='ltr'><strong>DECLARANTUR.</strong></span> 
     </span>
    </p>
   </div>
   <div class='ocr_carea' id='block_1_7' title="bbox 119 4053 1159 4376">
    <p class='ocr_par' dir='ltr' id='par_1_8' title="bbox 119 4053 1159 4376">
     <span class='ocr_line' id='line_1_31' title="bbox 119 4053 1159 4149; baseline -0.004 -20"><span class='ocrx_word' id='word_1_184' title='bbox 119 4054 214 4129; x_wconf 84' lang='lat' dir='ltr'>Duo</span> <span class='ocrx_word' id='word_1_185' title='bbox 234 4063 323 4126; x_wconf 90' lang='lat' dir='ltr'>sunt</span> <span class='ocrx_word' id='word_1_186' title='bbox 339 4062 507 4124; x_wconf 90' lang='lat' dir='ltr'>motuum</span> <span class='ocrx_word' id='word_1_187' title='bbox 524 4053 561 4125; x_wconf 91' lang='lat' dir='ltr'>in</span> <span class='ocrx_word' id='word_1_188' title='bbox 584 4053 800 4126; x_wconf 86' lang='lat' dir='ltr'>animalibus</span> <span class='ocrx_word' id='word_1_189' title='bbox 818 4077 955 4148; x_wconf 87' lang='lat' dir='ltr'>genera</span> <span class='ocrx_word' id='word_1_190' title='bbox 970 4054 1057 4149; x_wconf 88' lang='lat' dir='ltr'>ipsis</span> <span class='ocrx_word' id='word_1_191' title='bbox 1075 4078 1159 4149; x_wconf 91' lang='lat' dir='ltr'>pro-</span> 
     </span>
     <span class='ocr_line' id='line_1_32' title="bbox 119 4165 1158 4263; baseline -0.002 -23"><span class='ocrx_word' id='word_1_192' title='bbox 119 4168 213 4263; x_wconf 89' lang='lat' dir='ltr'>pria.</span> <span class='ocrx_word' id='word_1_193' title='bbox 268 4165 436 4239; x_wconf 80' lang='lat' dir='ltr'>Quorum</span> <span class='ocrx_word' id='word_1_194' title='bbox 469 4189 562 4238; x_wconf 88' lang='lat' dir='ltr'>uuus</span> <span class='ocrx_word' id='word_1_195' title='bbox 591 4181 647 4239; x_wconf 88' lang='lat' dir='ltr'>est</span> <span class='ocrx_word' id='word_1_196' title='bbox 677 4165 818 4255; x_wconf 78' lang='lat' dir='ltr'>vitalis,</span> <span class='ocrx_word' id='word_1_197' title='bbox 853 4165 891 4238; x_wconf 92' lang='lat' dir='ltr'>in</span> <span class='ocrx_word' id='word_1_198' title='bbox 921 4167 1158 4262; x_wconf 87' lang='lat' dir='ltr'>generatione</span> 
     </span>
     <span class='ocr_line' id='line_1_33' title="bbox 119 4279 1159 4376; baseline -0.001 -24"><span class='ocrx_word' id='word_1_199' title='bbox 119 4280 303 4375; x_wconf 81' lang='lat' dir='ltr'>inceptus,</span> <span class='ocrx_word' id='word_1_200' title='bbox 330 4288 368 4351; x_wconf 92' lang='lat' dir='ltr'>et</span> <span class='ocrx_word' id='word_1_201' title='bbox 398 4279 475 4351; x_wconf 92' lang='lat' dir='ltr'>sine</span> <span class='ocrx_word' id='word_1_202' title='bbox 509 4279 777 4376; x_wconf 88' lang='lat' dir='ltr'>interruptione</span> <span class='ocrx_word' id='word_1_203' title='bbox 805 4302 871 4376; x_wconf 91' lang='lat' dir='ltr'>per</span> <span class='ocrx_word' id='word_1_204' title='bbox 900 4291 1016 4353; x_wconf 89' lang='lat' dir='ltr'>totam</span> <span class='ocrx_word' id='word_1_205' title='bbox 1045 4279 1159 4353; x_wconf 85' lang='lat' dir='ltr'>vitam</span> 
     </span>
    </p>
   </div>
   <div class='ocr_carea' id='block_1_8' title="bbox 1203 572 1347 820">
    <p class='ocr_par' dir='ltr' id='par_1_9' title="bbox 1203 572 1347 820">
     <span class='ocr_line' id='line_1_34' title="bbox 1213 572 1336 623; baseline 0.024 -3"><span class='ocrx_word' id='word_1_206' title='bbox 1213 572 1290 622; x_wconf 79' lang='lat' dir='ltr'>cAP.</span> <span class='ocrx_word' id='word_1_207' title='bbox 1302 574 1336 623; x_wconf 83' lang='lat' dir='ltr'>V.</span> 
     </span>
     <span class='ocr_line' id='line_1_35' title="bbox 1203 653 1347 688; baseline 0.007 -1"><span class='ocrx_word' id='word_1_208' title='bbox 1203 653 1347 688; x_wconf 51' lang='grc' dir='ltr'>»ῆν-ν</span> 
     </span>
     <span class='ocr_line' id='line_1_36' title="bbox 1205 710 1333 754; baseline 0.008 -1"><span class='ocrx_word' id='word_1_209' title='bbox 1205 710 1240 753; x_wconf 79' lang='lat' dir='ltr'>De</span> <span class='ocrx_word' id='word_1_210' title='bbox 1250 712 1333 754; x_wconf 83' lang='lat' dir='ltr'>ratione</span> 
     </span>
     <span class='ocr_line' id='line_1_37' title="bbox 1204 777 1334 820; baseline 0.008 -1"><span class='ocrx_word' id='word_1_211' title='bbox 1204 781 1227 819; x_wconf 83' lang='lat' dir='ltr'>et</span> <span class='ocrx_word' id='word_1_212' title='bbox 1235 777 1334 820; x_wconf 74' lang='lat' dir='ltr'>scientia.</span> 
     </span>
    </p>
   </div>
   <div class='ocr_carea' id='block_1_9' title="bbox 0 0 1468 4980">
    <p class='ocr_par' dir='ltr' id='par_1_10' title="bbox 0 0 1468 4980">
     <span class='ocr_line' id='line_1_38' title="bbox 0 0 1468 4980; baseline 0 1"><span class='ocrx_word' id='word_1_213' title='bbox 0 0 1468 4980; x_wconf 95' lang='lat' dir='ltr'> </span> 
     </span>
    </p>
   </div>
  </div>
 </body>
</html>
