2926 4980
327 373 372 438 la
711 386 766 437 nn
786 385 970 439 nonina.

144 592 222 640 cap,
236 592 274 645 ιι,
324 556 536 630 reclinatus.
601 556 676 630 Qui
706 556 804 628 enim
831 556 880 628 ad
908 553 1164 628 dormiendum
1194 575 1233 625 se
1258 576 1358 625 com-

112 673 314 791 &a
323 669 443 766 ponit,
469 669 501 742 si
530 668 625 741 forte
653 669 874 764 phantasma
899 666 1049 763 aliquod
1076 665 1265 739 insolitum
1291 678 1357 738 aut

324 781 532 855 mirandum
558 780 673 853 videri
700 781 903 876 contingat,
933 804 1009 854 nou
1039 778 1139 852 aliud
1167 778 1219 850 illi
1241 776 1358 850 videri

322 908 446 993 potest
462 918 573 990 quam
590 893 785 967 somnium.
837 894 1005 966 Marcum
1020 892 1177 964 Brutum
1190 890 1357 987 legimus,

323 1009 387 1105 qui
418 1032 503 1079 cum
532 1007 671 1080 amicus
700 1006 830 1080 finisset
858 1007 947 1080 Julii
978 1005 1142 1094 Caesaris,
1175 1015 1215 1077 et
1239 1005 1286 1077 ab
1312 1026 1357 1076 eo

322 1122 435 1195 vitam
453 1120 698 1193 condonatam
714 1119 926 1216 accepisset,
943 1121 1047 1193 illum
1064 1129 1188 1192 tamen
1212 1119 1358 1213 ingrate

321 1234 520 1322 occiderat,
545 1244 654 1306 nocte
677 1233 751 1323 illa,
776 1257 858 1329 quae
883 1233 1072 1330 praecessit
1098 1232 1195 1305 diem
1221 1231 1259 1303 in
1285 1255 1357 1327 quo

320 1357 524 1446 pugnatum
558 1357 614 1418 est
646 1357 776 1418 contra
805 1346 1015 1442 Augustum
1047 1347 1228 1420 Caesarem
1257 1344 1357 1440 apud

322 1461 518 1556 Philippos,
541 1460 759 1555 phantasma
776 1460 945 1533 habuisse
962 1460 1159 1543 horribile;
1188 1458 1289 1554 quod
1310 1458 1358 1530 ab

321 1573 504 1648 historicis
531 1573 642 1668 vulgo
674 1584 846 1647 narratur
876 1586 919 1647 ut
948 1575 1040 1647 visio
1071 1596 1181 1656 vera;
1215 1571 1281 1644 sed
1310 1572 1358 1644 ab

321 1713 378 1777 eo,
398 1688 460 1782 qui
473 1686 758 1761 consideraverit
775 1687 937 1784 singulas
955 1689 1033 1784 ejus
1051 1684 1357 1773 circumstantias,

320 1825 397 1874 non
410 1799 587 1872 visionem
601 1798 666 1872 sed
676 1800 857 1873 somnium
869 1799 981 1873 fuisse
993 1802 1104 1873 breve
1114 1797 1355 1894 judicabitur.

322 1912 472 1987 Sedenti
486 1912 584 1984 enim
601 1912 639 1984 in
657 1913 829 2001 tentorio,
847 1923 886 1985 et
897 1925 1050 2009 propter
1061 1913 1255 1986 horrorem
1268 1908 1359 1982 facti

321 2026 377 2100 sui
394 2025 578 2098 temerarii
596 2025 693 2099 tristi
711 2039 750 2099 et
766 2026 1026 2122 cogitabundo,
1044 2050 1112 2099 nec
1129 2026 1223 2098 bene
1237 2022 1358 2118 sopito

321 2138 385 2212 sed
415 2137 628 2211 dormitanti
658 2151 802 2212 tantum
828 2151 980 2236 propter
1014 2163 1136 2213 aerem
1165 2138 1359 2210 nonsatis

320 2252 491 2341 aufidum,
526 2253 706 2326 somniare
736 2253 936 2326 facilimnm
967 2264 1047 2327 erat
1074 2253 1120 2325 de
1148 2275 1192 2324 ea
1220 2274 1261 2322 re
1287 2273 1361 2345 qua

320 2366 478 2439 maxime
501 2367 730 2451 terrebatur3
757 2380 796 2440 et
820 2379 972 2465 propter
994 2367 1151 2441 eundem
1177 2376 1358 2438 terrorem

319 2480 493 2577 paulatim
512 2503 637 2552 rursus
654 2480 839 2577 evigilare,
853 2492 891 2553 et
904 2481 1012 2554 simul
1029 2480 1240 2553 existimare
1253 2500 1357 2572 spec·
1450 2518 1458 2529 ·

320 2605 419 2666 trum
442 2592 545 2682 illud,
564 2593 663 2690 quod
681 2605 913 2690 apparuerat,
927 2594 1102 2690 paulatim
1126 2613 1357 2677 evanescere,

318 2717 367 2795 et,
403 2707 487 2803 quia
522 2706 712 2779 dormiisse
746 2731 784 2780 se
817 2706 1017 2795 nesciebat,
1060 2706 1201 2779 nescire
1241 2703 1355 2777 etiam

318 2818 432 2892 fuisse
459 2819 653 2910 somnium,
681 2833 747 2894 aut
771 2821 871 2895 aliud
897 2822 1092 2917 quicquam
1115 2830 1250 2916 praeter
1275 2840 1355 2890 rem

319 2933 445 3005 visam.
497 2934 627 3028 Neque
658 2945 742 3007 sunt
772 2934 980 3031 hujusmodi
1015 2933 1220 3007 accidentia
1249 2929 1356 3003 valde

320 3069 425 3130 rara;
453 3070 539 3118 uam
560 3047 671 3120 etiam
698 3049 761 3145 qui
783 3048 944 3145 perfecte
962 3048 1127 3143 vigilant,
1150 3045 1180 3119 si
1202 3043 1357 3116 meticu-

320 3158 401 3248 losi,
423 3160 677 3255 superstitiosi,
696 3161 828 3234 fabulis
853 3184 978 3233 rerum
1003 3159 1221 3233 terribilium
1247 3182 1359 3231 occu-

320 3272 410 3369 pati,
445 3284 482 3345 et
519 3274 558 3346 in
593 3273 754 3347 tenebris
789 3274 856 3347 soli
891 3274 976 3364 sint,
1013 3273 1176 3369 ejusdem
1211 3272 1359 3369 generis

321 3385 644 3482 imaginationibus
664 3387 812 3460 obnoxii
836 3398 934 3477 sunt,
959 3388 1187 3483 creduntque
1213 3409 1252 3458 se
1276 3410 1358 3458 um-

319 3500 404 3572 bras
427 3508 465 3571 et
488 3512 717 3572 mortuorum
741 3499 890 3596 spiritus
917 3500 1147 3573 ambulantes
1170 3497 1294 3571 videre
1320 3499 1360 3571 in

322 3613 564 3697 coemeteriis;
584 3637 668 3687 cum
685 3625 809 3687 tamen
822 3637 952 3686 revera
961 3614 1052 3686 nihil
1062 3613 1213 3687 videant
1223 3624 1358 3709 praeter

322 3750 424 3799 mera
446 3727 714 3823 phantasmata,
731 3727 789 3800 vel
807 3726 962 3823 decepta
984 3728 1058 3802 sint
1079 3729 1126 3800 ab
1149 3727 1359 3801 hominibus

321 3839 511 3935 improbis,
530 3841 592 3936 qui
609 3840 743 3914 timore
768 3865 894 3914 eorum
919 3842 1173 3938 superstitioso
1199 3842 1359 3914 abutun-

321 3963 393 4040 tur,
411 3976 455 4025 eo
473 3954 547 4026 fine
564 3966 606 4027 ut
624 3953 768 4049 possint
785 3955 867 4051 ipsi,
886 3955 1011 4028 amicti
1028 3956 1190 4029 vestibus
1209 3954 1360 4028 defunc·

322 4077 456 4156 torum,
468 4079 582 4140 noctu
594 4092 660 4164 per
675 4070 886 4142 coemeteria
898 4068 1040 4163 aliaque
1053 4069 1136 4142 loca
1145 4077 1360 4142 consecrata

322 4177 370 4250 ad
386 4179 468 4252 looa
484 4181 652 4270 transire,
671 4204 752 4276 quae
769 4181 923 4254 nimium
940 4205 963 4253 a
980 4204 1018 4254 se
1035 4181 1247 4277 frequenter
1263 4177 1357 4252 adiri

321 4291 509 4365 videretur
526 4293 772 4367 inhonestum.
