2926 4980
364 405 365 409 Ἴ
478 404 483 413 ,
528 339 582 391 nn
602 339 785 391 souma.
1125 323 1168 388 91

119 527 258 601 nempe
269 505 488 596 oblationes,
501 529 642 603 preces,
654 505 859 602 gratiarum
869 504 1047 592 oenones,
1064 516 1174 587 cate-
1208 541 1285 590 erp,
1297 541 1358 590 ,411⁸

121 640 259 714 rusque
284 618 503 711 antedictas,
528 619 641 693 iidem
666 619 843 703 authores
867 619 1070 716 imaginum
1094 629 1174 691 tum
1201 624 1357 743 ὦ

121 732 311 828 piotarum
333 743 372 805 et
392 733 630 830 sculptarum,
650 744 731 807 tum
753 733 918 805 fusurum
942 731 1174 806 adorationes

123 844 316 934 addidere,
336 870 382 918 eo
405 847 480 920 fine
503 859 547 920 ut
570 846 740 943 populus,
766 845 805 918 id
830 855 897 933 est,
923 845 1174 941 ignorantium

126 958 340 1046 multitudo,
358 959 448 1033 deos
472 960 572 1057 ipsos
596 961 636 1033 in
662 959 742 1033 istis
765 958 987 1054 imaginibus
1006 958 1174 1032 habitare

126 1073 368 1163 existimaret,
385 1087 424 1146 et
448 1073 559 1170 agris,
577 1072 735 1169 templis,
753 1071 932 1145 reditibus
949 1085 987 1145 et
1005 1072 1175 1146 sacerdo,

128 1185 228 1258 tibus
240 1184 419 1270 donaret;
445 1210 529 1283 quae
541 1185 665 1267 omnia
678 1209 783 1268 sacra
794 1186 1036 1274 habebantur,
1051 1186 1090 1264 id
1106 1195 1174 1275 est,

130 1299 242 1372 solius
267 1298 470 1373 sacerdotis
496 1298 690 1374 commodo
717 1297 910 1386 destinata,
928 1308 971 1371 ut
994 1322 1173 1391 cavernae,

129 1410 216 1497 luci,
229 1412 354 1508 sylvae,
367 1424 525 1502 montes,
542 1412 672 1487 insuda
688 1411 845 1508 integrae
861 1435 943 1506 quae
960 1411 1032 1484 illis
1049 1436 1175 1485 conse-

131 1538 244 1599 cratar
273 1538 389 1599 eraut.
441 1526 524 1598 Diis
548 1537 673 1599 autem
704 1524 785 1598 istis
810 1549 886 1605 non
916 1525 1174 1599 moderarier

129 1641 279 1725 formas,
304 1650 347 1711 ut
370 1639 573 1729 hominum,
595 1639 808 1728 bestiarum,
825 1651 1087 1729 monstrorum,
1110 1639 1176 1712 sed

130 1753 242 1826 etiam
259 1776 369 1825 omne
385 1776 503 1849 genus
525 1753 734 1849 passionum
754 1766 794 1826 et
810 1753 1029 1827 faoultatum
1046 1777 1176 1827 earna-

130 1868 280 1956 lium,ut
293 1890 432 1955 sexum,
442 1889 660 1957 sermonem,
672 1866 1176 1964 cupidinemgenerationem

131 1979 427 2076 (generationem
451 2004 528 2053 non
551 1980 661 2053 modo
689 1980 867 2053 mixtione
897 1981 997 2053 inter
1020 2005 1059 2053 se
1089 1981 1176 2054 deo-

129 2117 225 2183 rnm,
250 2093 350 2165 unde
378 2093 442 2182 dii,
472 2092 538 2166 sed
567 2093 679 2166 etiam
706 2093 887 2166 mixtione
913 2093 1066 2173 deorum
1092 2119 1176 2168 cum

129 2205 352 2293 hominibus
376 2206 476 2277 unde
493 2205 658 2302 hybridae
675 2205 758 2295 orti,
777 2218 819 2280 ut
837 2207 1019 2283 Hercules
1031 2221 1069 2290 et
1083 2209 1176 2281 Bae-

131 2322 239 2411 chus)
260 2319 524 2392 attribuerunt.
565 2320 687 2392 Etiam
705 2319 854 2392 eosdem
870 2319 959 2394 deos
976 2320 1176 2410 adulteros,

131 2433 397 2522 trandidentoa
411 2433 522 2522 fures,
536 2433 778 2528 omnibusque
791 2433 873 2506 aliis
886 2434 987 2507 vitiis
1003 2457 1177 2530 conspur-

132 2558 234 2620 oatos
247 2546 447 2636 faciebant,
462 2546 557 2620 natis
574 2572 596 2620 a
612 2548 780 2643 potentia
793 2559 830 2620 et
843 2571 925 2643 quae
935 2548 1036 2643 leges
1048 2548 1177 2621 huma-

132 2685 199 2735 nas
213 2660 340 2756 potius
356 2684 466 2756 quam
485 2661 662 2739 bonorem
679 2660 850 2733 videntur
866 2661 1015 2740 violare.

183 2774 386 2862 Postremo,
405 2773 453 2846 ad
463 2774 700 2871 prognostioa
715 2774 843 2864 bituri,
859 2799 941 2871 quae
957 2787 1096 2871 praeter
1114 2800 1177 2848 ex-

134 2887 352 2983 perientiam
377 2886 556 2982 praeteriti
579 2888 797 2967 naturaliter
820 2888 922 2960 nulla
943 2899 1040 2977 sunt,
1057 2912 1177 2985 neque

135 2999 460 3096 supernaturaliter
469 3011 604 3096 praeter
614 3001 875 3074 revelationem
885 3001 1176 3091 divinam,iidem

135 3114 307 3188 authores
335 3112 556 3209 religionum
584 3115 827 3205 ethnicarum,
856 3114 998 3188 fabulas
1029 3117 1175 3212 excogi-

135 3241 256 3301 tantes
283 3239 322 3300 et
345 3227 529 3323 colloquia
544 3253 629 3301 oum
656 3229 726 3301 diis
741 3229 967 3316 simulantes,
984 3229 1178 3300 innumera

135 3340 357 3413 addiderunt
365 3363 503 3436 genera
512 3340 791 3429 divinationum,
801 3340 1084 3434 hominibusque
1094 3361 1177 3434 per-

136 3464 328 3527 suaserrmt
338 3455 630 3549 praecognituros
641 3478 680 3527 se
689 3454 857 3527 fortunas
868 3478 952 3527 suas
967 3478 1012 3526 ex
1025 3475 1177 3547 respon-

137 3567 422 3641 sisabsurdisvel
431 3567 610 3662 ambiguis
620 3566 1176 3663 sacerdotuminnelphis‚1)elo‚

136 3680 286 3776 aliisque
303 3679 395 3753 locis
408 3692 558 3776 propter
570 3681 721 3753 oracula
737 3681 954 3762 celebribus
983 3680 1177 3777 responsis,

138 3818 218 3890 quae
240 3793 289 3866 ad
319 3806 472 3866 eventus
499 3794 704 3867 contrarios
731 3793 1002 3867 accommodari
1028 3806 1179 3890 possent

138 3919 288 4003 proptor
314 3905 606 4002 ambiguitatem,
624 3906 683 3978 vei
712 3917 865 4002 propter
891 3917 1055 3979 mentem
1081 3906 1177 3978 vatis

139 4020 371 4114 avaporibus
395 4019 648 4115 perturbatam
679 4019 732 4110 (id
759 4018 858 4114 quod
882 4019 922 4091 in
946 4019 1038 4094 loeis
1055 4042 1179 4091 caver-

140 4133 236 4205 nosis
246 4132 412 4205 mirabile
423 4156 498 4204 nou
516 4132 586 4224 est)
603 4131 791 4216 absurdis3
817 4130 876 4203 vel
889 4155 934 4203 ex
947 4131 1046 4204 foliis
1061 4131 1178 4227 Sybil-

140 4245 268 4334 iarum,
298 4269 452 4341 quarum
482 4245 567 4317 libri
598 4245 738 4340 abqnot
768 4268 791 4316 a
822 4243 970 4316 civitate
1001 4245 1177 4330 Romana,
