2926 4980
357 390 412 443 nn
432 388 576 442 anano
594 387 898 441 remansesunt.
1074 369 1149 448 473

112 556 174 629 oia
189 567 248 628 est
263 556 340 629 vita
356 579 518 653 praesens
533 587 542 640 ;
569 578 705 628 carcer
721 566 779 629 est
791 554 1037 650 sepulchrum,
1051 552 1150 625 unde
1163 585 1240 633 cap,
1253 583 1347 633 κων.

111 669 288 742 advitam
311 683 488 743 aeternam
514 694 589 743 non
616 681 782 767 resurget
803 682 990 767 peccator,
1007 669 1074 742 aed
1102 669 1151 742 ad
1179 664 1331 778 „M

110 782 308 855 secundam
334 795 503 872 mortem,
526 784 596 856 nisi
623 784 725 880 prius
752 783 955 858 reddiderit
979 784 1150 856 ultimum
1176 798 1327 856 mutuum·

110 897 363 991 quadrantem,
390 897 449 970 vel
476 921 545 994 pro
573 919 617 971 eo
644 898 813 993 passione
847 922 914 972 sua
946 896 1150 970 reddiderit
1171 865 1352 1004 iiam

111 1009 288 1083 Christus.
340 1009 468 1106 ltaque
485 1010 598 1083 verba
613 1010 694 1084 haec
712 1011 760 1084 ad
775 1011 1030 1109 purgatorium
1057 1009 1150 1084 nibil
1177 993 1347 1052 mm

110 1123 309 1219 pertinent.

161 1236 280 1309 locus
298 1238 448 1332 quintus
464 1249 520 1311 cst
542 1238 678 1311 Matth.
695 1262 730 1312 v.
744 1248 815 1313 22:
842 1238 932 1336 Ego
949 1248 1071 1311 autem
1090 1237 1149 1310 di-

26 1438 30 1445 ·
111 1373 155 1420 co
171 1349 286 1434 codic,
305 1351 395 1446 qaia
412 1352 529 1422 omnia
546 1352 612 1447 qui
630 1351 814 1424 irascitur
810 1351 945 1448 fratri
962 1375 1043 1441 auo,
1061 1375 1149 1423 rcus

111 1461 186 1533 erit
193 1461 347 1556 jndicio
361 1490 374 1536 .·
400 1464 466 1560 qui
479 1474 601 1537 autem
627 1464 771 1538 dicerit
774 1464 909 1562 fratri
925 1487 1004 1554 auo,
1027 1463 1149 1553 Raro,

112 1598 198 1646 reus
215 1576 291 1648 erit
303 1576 460 1650 concilio
473 1605 486 1649 .·
512 1578 578 1675 qui
595 1586 718 1651 autern
735 1578 1036 1675 dicerit,sotuc:
1063 1600 1151 1650 recta

112 1687 187 1760 erit
208 1689 387 1762 Gelennoe
405 1690 517 1788 ignia.
570 1691 601 1762 A
623 1691 754 1787 quibus
772 1691 892 1764 verbis
909 1692 982 1764 tria
998 1714 1078 1764 esse
1094 1691 1151 1763 in-

111 1801 183 1873 fert
205 1825 341 1895 genera
365 1814 613 1899 peccatorum,
632 1816 670 1876 et
687 1805 760 1876 tria
784 1827 921 1899 genera
935 1828 1150 1900 poenarum3

110 1913 253 2008 peccati
270 1937 386 2009 genus
403 1916 572 1988 ultimum
590 1927 735 1988 tantum
751 1917 790 1988 in
808 1916 984 1990 Gebenna
999 1916 1152 2011 punien-

110 2027 199 2100 dum
216 2050 295 2100 esse
313 2027 464 2111 dicens;
491 2041 529 2102 et
538 2029 705 2126 proinde,
720 2041 955 2126 peccatorum
967 2029 1151 2102 minorum

110 2164 239 2236 poenas
257 2141 335 2213 dari
354 2142 486 2215 debere
503 2143 542 2214 in
559 2144 783 2239 purgatorio
815 2143 927 2238 Cujus
944 2141 1151 2238 argumenti

110 2254 185 2326 vim
203 2253 339 2327 nullam
357 2254 475 2328 video.
515 2257 614 2329 Num
633 2257 744 2330 curiae
761 2268 870 2329 erunt
887 2256 1050 2344 diversae,
1067 2265 1152 2351 post

112 2379 280 2457 mortem,
299 2368 347 2442 ad
363 2369 556 2442 criminum
579 2371 740 2444 diversas
766 2371 905 2466 species
923 2369 1148 2464 distinguen-

112 2479 189 2568 das,
216 2482 311 2554 sicut
340 2495 446 2555 erant
475 2483 513 2556 in
542 2484 684 2570 Judaea,
713 2482 883 2556 tribunal
898 2482 1082 2577 judicum,
1113 2493 1151 2554 et

111 2595 371 2668 consistorium
399 2596 619 2670 seniorum?
671 2597 805 2670 Nonne
835 2595 1015 2692 judicium
1043 2617 1151 2667 omne

111 2707 338 2790 erithhristi
357 2721 396 2782 et
420 2710 698 2805 apostolorum?
750 2710 880 2807 ltaque
897 2709 945 2782 ad
962 2708 1151 2804 explicati-

111 2845 220 2894 onem
237 2821 345 2918 hujus
362 2823 435 2896 loci
460 2823 635 2897 debemus
658 2823 773 2913 illum,
790 2848 867 2896 non
884 2822 1045 2896 solitarie
1063 2845 1151 2894 oon-

111 2934 285 3024 siderare,
309 2935 374 3008 sed
400 2937 625 3032 conjunctim
651 2961 735 3010 cum
762 2936 882 3009 verbis
909 2959 990 3031 quae
1007 2947 1152 3008 antece·

111 3047 216 3139 dunt,
247 3061 285 3120 ct
314 3050 597 3146 subsequuntur.
663 3050 835 3122 Servator
861 3060 987 3121 noster
1013 3047 1052 3119 in
1081 3048 1152 3121 hoc

111 3159 231 3255 capite
249 3161 511 3256 interpretatur
528 3162 646 3256 legem
657 3160 882 3244 Mosaicam;
909 3183 1019 3255 quam
1032 3159 1153 3233 Judoei

112 3285 201 3343 tunc
219 3273 387 3370 implesse
400 3298 438 3347 se
456 3274 727 3362 existimabant,
746 3274 776 3346 si
794 3297 941 3346 sensum
958 3275 1152 3346 verborum

111 3388 391 3480 grammaticum
426 3411 500 3460 non
536 3390 756 3482 transgressi
790 3398 907 3476 erant,
942 3409 1153 3483 quanquam

112 3508 242 3570 contra
269 3499 487 3571 sententiam
516 3501 606 3595 legis
635 3500 820 3589 fecissent,
847 3514 886 3573 et
910 3500 1152 3573 intentionem

111 3609 341 3705 legislatoris.
369 3610 498 3704 Itaque
517 3636 602 3685 cum
619 3626 844 3709 praeceptum
862 3624 1006 3686 sextum
1023 3613 1153 3685 violari

111 3746 187 3796 non
204 3735 391 3818 putarent,
410 3724 480 3796 nisi
506 3725 690 3799 hominem
708 3725 789 3821 quis
815 3725 1072 3814 interfecisset,
1088 3748 1153 3798 ne·

112 3860 182 3931 que
210 3837 417 3933 septimum,
435 3837 505 3909 nisi
533 3839 680 3933 quando
706 3840 890 3935 quiscum
908 3839 1060 3911 muliere
1076 3863 1151 3911 non

111 3973 226 4022 uxore
244 3973 311 4022 sua
323 3949 592 4039 concubuisset,
608 3952 781 4024 Servator
790 3964 916 4024 noster
932 3951 1015 4024 illos
1033 3951 1153 4040 docet,

112 4063 223 4134 etiam
240 4061 345 4134 fratri
363 4061 471 4134 irasci
488 4063 566 4137 sine
577 4088 688 4137 causa
700 4066 802 4160 justa
811 4064 1049 4137 homicidium
1061 4087 1153 4136 esse.

112 4182 134 4213 “
151 4174 361 4262 Audivistis,
390 4175 520 4269 inquit,
545 4177 583 4248 in
608 4176 689 4273 lege
708 4178 882 4264 Mosnica,
900 4202 970 4249 uon
994 4177 1155 4266 occider,

112 4302 149 4362 et
167 4289 375 4384 quicunque
390 4288 534 4361 occidet
551 4291 856 4364 condemnabitur
874 4315 998 4364 coram
1019 4291 1154 4386 judici-
