2926 4980
324 319 371 384 58
712 337 765 389 nn
788 338 970 390 uourun.

124 533 201 583 cap.
213 534 289 584 vm,
320 515 427 574 tenus
444 501 492 575 ad
516 503 721 598 prudentiae
737 488 916 601 gradum
944 504 1100 577 multum
1118 513 1241 576 tamen
1260 505 1362 600 quod

108 616 278 720 „affl
320 616 453 689 attinet
463 616 511 688 ad
522 617 663 712 negotii
677 619 857 713 speciem:
877 617 1184 714 quemadmodum
1197 618 1236 690 in
1248 643 1363 714 parva

106 739 301 794 sumansu,
319 740 384 802 aut
397 754 533 826 magna
545 730 672 803 tabula
689 732 782 804 bene
799 732 951 827 pingere
967 755 1042 805 non
1060 730 1255 827 distinguit
1272 733 1361 805 artis

105 803 271 928 mamm
317 842 485 938 gradum,
497 842 563 915 sed
576 844 753 939 speciem;
768 857 806 918 et
816 844 977 940 agricola
985 844 1186 917 rudisinre
1198 868 1264 918 sua
1273 869 1361 941 pru-

318 954 464 1029 dentior
477 967 531 1030 est
548 956 777 1052 plerumque,
791 980 902 1053 quarn
917 955 1156 1053 philosophus
1170 956 1208 1029 iu
1227 957 1358 1032 aliena.

366 1067 428 1142 Ad
443 1068 678 1164 prudentiam
696 1070 728 1143 si
744 1069 902 1143 addatur
918 1068 1122 1143 mediorum
1140 1069 1360 1165 injustorum

318 1181 376 1254 vel
392 1182 671 1257 inhonestorum
687 1206 787 1273 usus,
805 1182 928 1280 qualia
947 1206 1044 1277 saepe
1061 1183 1226 1279 suggerit
1239 1196 1360 1258 metus

318 1295 375 1368 vel
402 1296 537 1391 inopia,
564 1298 608 1370 fit
632 1295 828 1391 prudentia
852 1296 916 1369 illa
940 1295 1097 1384 sinistra,
1123 1319 1205 1392 quae
1232 1297 1358 1393 appel-

316 1406 414 1480 latur
430 1408 575 1482 astutia
586 1436 600 1492 ,·
627 1434 710 1506 qnae
735 1409 879 1506 signum
905 1409 1120 1506 plerumque
1138 1420 1194 1482 est
1210 1410 1359 1505 pusilla-

315 1519 504 1594 nimitatis.
541 1522 689 1595 Auxilia
701 1523 798 1596 enim
812 1522 949 1618 injusta
961 1533 1000 1595 et
1010 1522 1205 1595 inhonesta
1214 1523 1358 1595 animus

316 1656 471 1729 maguus
497 1645 725 1730 aspamatur.
775 1636 843 1709 Est
870 1634 981 1708 etiam
1005 1634 1077 1708 alia
1094 1635 1197 1730 quasi
1213 1635 1357 1708 astutiae

315 1746 467 1840 species,
481 1772 564 1842 quae
577 1760 731 1822 vocatur
747 1749 940 1832 versatim
967 1772 1049 1845 quae
1064 1762 1121 1821 est
1134 1748 1287 1844 periculi
1298 1751 1357 1822 vel

315 1858 550 1949 incommodi,
561 1860 783 1934 incurrendo
801 1861 839 1934 in
852 1864 968 1958 pejus
981 1861 1028 1934 ad
1044 1885 1199 1957 parvum
1211 1872 1357 1958 tempus

315 1970 464 2057 dilatio;
492 1973 710 2071 videturque
728 1975 801 2048 dici
827 1999 851 2049 a
875 1999 1043 2063 versura,
1071 1999 1153 2070 quae
1175 1974 1357 2070 significat

315 2086 434 2159 mutui
456 2087 702 2183 sumptionem
719 2089 767 2162 ad
784 2088 902 2161 mutui
927 2088 1156 2161 solutionem.

364 2198 561 2298 Ingenium
590 2202 825 2300 acquisitum,
843 2226 975 2298 nempe
1002 2202 1177 2275 methodo
1204 2213 1245 2274 et
1268 2201 1355 2275 doc-

314 2311 423 2402 trina,
454 2313 595 2387 nullum
625 2326 681 2389 est
709 2326 844 2411 praeter
873 2316 1075 2398 rationem3
1113 2339 1194 2410 quae
1221 2328 1304 2388 orta
1333 2341 1356 2389 a

314 2436 416 2499 recto
434 2428 611 2500 sermonis
628 2452 698 2501 usu
715 2428 887 2524 producit
910 2429 1093 2501 scientias.
1147 2429 1219 2501 Sed
1233 2429 1278 2501 de
1295 2453 1355 2502 ra-

313 2539 414 2612 tione
432 2552 469 2613 et
486 2540 640 2614 scientia
656 2541 796 2615 dictum
814 2555 871 2615 est
888 2565 999 2637 supra
1019 2543 1112 2636 (cap.
1132 2564 1171 2613 v.
1191 2554 1229 2613 et
1246 2544 1335 2627 vn).

364 2653 600 2750 ingeniorum
611 2654 818 2729 differentia
828 2653 1231 2749 oriturapassionibus;
1250 2653 1354 2727 diffe-

293 2766 433 2838 »rentia
449 2778 572 2840 autern
584 2768 794 2863 passionum
809 2768 946 2863 partim
960 2791 983 2840 a
999 2767 1142 2839 diversa
1159 2791 1352 2863 corporum

312 2879 588 2968 constitutione,
615 2880 749 2976 partim
765 2904 788 2951 a
808 2879 1018 2953 diversitate
1048 2880 1352 2952 consuetudinum

313 3000 351 3063 et
367 2990 607 3063 educationis.

362 3101 552 3176 Passiones
564 3103 647 3191 illae,
660 3127 741 3199 quae
754 3103 986 3200 ingeniorum
1000 3103 1222 3178 differentias
1235 3103 1350 3175 maxi-

311 3239 390 3287 mas
405 3214 559 3303 faciunt,
583 3229 668 3288 sunt
691 3217 907 3313 plerumque
934 3219 1052 3314 major
1069 3217 1127 3290 vel
1150 3217 1269 3289 minor
1286 3241 1349 3288 cu-

310 3330 445 3426 piditas
470 3329 657 3426 potentiae,
685 3329 910 3420 divitiarum,
937 3331 1111 3420 scientiae,
1138 3330 1348 3425 dignitatis;

311 3468 394 3540 quae
411 3469 538 3517 omnes
555 3443 682 3516 reduci
699 3458 855 3539 possunt
873 3445 921 3518 ad
937 3445 1141 3541 potentiam
1156 3475 1165 3527 ;
1193 3467 1277 3516 narn
1295 3443 1346 3516 di·

309 3557 419 3646 vitiae,
437 3557 600 3645 scientia,
619 3556 792 3652 dignitas
807 3569 892 3630 sunt
904 3558 1080 3654 potentiae
1098 3558 1247 3653 species.

360 3671 499 3766 Itaque,
518 3671 549 3743 si
567 3670 647 3766 quis
672 3694 715 3742 ea
737 3694 811 3742 non
829 3670 1052 3766 magnifacit,
1071 3671 1140 3743 etsi
1157 3671 1348 3742 virbonus

309 3808 388 3856 esse
411 3785 536 3881 possit,
555 3807 742 3878 nunquam
768 3798 893 3856 tamen
910 3783 1093 3857 videbitur
1119 3785 1256 3857 bonum
1282 3784 1347 3856 ha-

307 3897 395 3968 bere
425 3896 624 3992 ingenium.
687 3896 938 3991 Cogitationes
971 3897 1069 3969 enim
1103 3896 1346 3993 cupiditatum

308 4023 395 4081 sunt
417 4022 594 4105 tanquam
619 4009 880 4105 exploratores,
897 4010 1018 4082 emissi
1041 4010 1089 4083 ad
1107 4010 1345 4106 explorandas

308 4118 396 4207 vias,
415 4121 544 4216 quibus
561 4123 609 4195 ad
627 4122 751 4218 cupita
767 4122 930 4210 ferimur,
948 4146 1031 4218 quae
1051 4125 1209 4198 motibus
1233 4123 1344 4196 animi

307 4239 386 4303 tum
404 4234 567 4326 regulam
579 4248 657 4308 tum
671 4236 897 4309 celeritatem
908 4236 1087 4310 tribuunt.
1141 4237 1243 4310 Sicut
1254 4236 1344 4308 nihil
