2926 4980
520 347 574 399 nn
595 348 778 402 souma.
1115 329 1163 409 79

119 516 246 588 tiones
273 514 500 605 excitandas,
530 527 569 589 et
597 515 646 590 ad
675 539 802 591 causas
832 539 960 590 eorum
990 514 1162 598 alendas;
1203 548 1282 597 cip,

121 629 214 724 qnia
229 629 305 701 sine
321 628 378 701 bis
395 626 565 702 militaris
581 629 698 725 gloria
713 631 816 704 nulla
832 640 898 704 est.
1176 629 1291 731 „⁸ss

175 741 363 838 Cupiditas
384 741 622 815 scientiarum
645 743 819 840 pacisque
845 743 980 816 artium
1003 741 1164 838 disponit
1175 765 1262 796 meum

123 853 172 927 ad
196 853 400 950 parendum
425 856 602 952 potentiae
627 857 834 941 communi;
871 856 1036 929 continet
1067 856 1164 928 euim

125 967 365 1064 cupiditatem
377 968 457 1058 otii,
470 968 572 1066 quod
587 969 664 1042 sine
680 970 858 1065 potentiae
875 967 1003 1041 alieuae
1019 980 1164 1065 protec-

125 1083 226 1157 tione
242 1080 370 1154 haberi
386 1104 463 1154 non
480 1092 614 1178 potest.

179 1196 290 1267 Amor
323 1193 443 1266 laudis
477 1195 638 1291 disponit
671 1195 720 1268 ad
754 1194 917 1267 actiones
952 1193 1164 1282 laudabiles,

129 1309 254 1404 quales
264 1308 457 1405 placiturae
469 1308 541 1381 illis
554 1320 650 1398 sunt,
664 1333 819 1406 quorum
833 1308 1013 1404 judicium
1027 1308 1167 1402 magni-

127 1422 306 1505 facimus3
332 1444 489 1517 quorum
515 1435 642 1495 autem
674 1445 860 1517 personas,
895 1444 1020 1494 eorum
1056 1421 1167 1493 etiam

128 1535 252 1607 laudes
270 1535 488 1630 spernimus.
515 1534 657 1631 Cupido
667 1535 777 1608 famae
786 1545 872 1631 post
888 1546 1057 1625 mortem,
1067 1534 1166 1607 idem

127 1648 228 1722 facit.
283 1648 504 1743 Quanquam
521 1649 618 1721 enim
634 1659 718 1744 post
734 1661 891 1722 mortem
908 1648 1034 1721 laudes
1050 1647 1167 1720 homi·

127 1785 215 1834 num
231 1784 308 1833 non
334 1760 523 1850 sentimus,
540 1773 582 1835 ut
608 1785 690 1858 quae
712 1761 848 1857 gaudia
874 1762 1022 1835 suntab
1039 1761 1167 1834 ineffa-

127 1873 261 1946 bilibus
278 1871 422 1968 gaudiis
439 1873 623 1970 absorpta,
636 1875 694 1947 rel
708 1875 754 1946 ab
771 1874 1017 1948 indicibilibus
1031 1874 1167 1948 dolori-

127 1986 196 2058 bus
214 1984 400 2068 extiucta3
427 2008 522 2058 vana
537 1997 661 2058 tamen
677 2010 753 2059 non
771 1998 838 2077 est,
857 1986 943 2082 quia
958 1987 1056 2060 fama
1071 2012 1167 2084 prae-

126 2099 205 2173 visa
233 2122 301 2195 per
328 2121 368 2171 se
397 2098 530 2195 placet,
558 2111 670 2195 atque
697 2100 809 2174 etiam
838 2101 986 2197 iusuper
1015 2112 1167 2197 propter

126 2213 266 2286 bonum
282 2210 331 2284 ad
346 2212 599 2307 posteritatem
610 2212 696 2287 iude
709 2213 1014 2288 redundaturum.
1066 2214 1164 2286 Nam

127 2326 198 2399 etsi
215 2326 287 2399 hoc
305 2325 484 2415 nesciant,
498 2326 746 2421 imaginantur
758 2338 904 2411 tamen3
932 2326 1030 2423 quod
1044 2338 1167 2399 autem

129 2440 168 2511 in
185 2437 377 2511 sentiendo
394 2437 527 2533 placet,
544 2439 666 2534 placet
682 2440 795 2513 etiam
808 2440 849 2512 in
866 2439 1142 2536 imaginatione.

180 2553 323 2648 Majora
336 2574 360 2624 a
374 2551 525 2646 paribus
537 2552 638 2624 bona
648 2552 843 2649 accepisse,
858 2576 970 2649 quam
980 2575 1168 2647 speramus

128 2688 234 2761 posse
261 2663 478 2753 retribuere,
496 2663 660 2760 disponit
685 2665 732 2738 ad
758 2665 884 2738 odium
908 2677 1102 2752 secretum,
1120 2665 1169 2736 si-

129 2777 277 2872 mulque
288 2799 453 2848 amorem
466 2776 611 2859 fictum;
636 2775 799 2872 facitque
810 2777 996 2850 hominem
1013 2776 1169 2850 similem

129 2889 319 2978 debitoris,
333 2888 397 2985 qui
414 2912 490 2961 nou
508 2902 563 2961 est
581 2890 756 2964 solvendo
771 2921 780 2975 ;
806 2915 893 2964 nam
909 2891 992 2964 talis
1008 2914 1169 2987 praeseu-

130 3005 218 3077 tiam
233 3003 428 3077 creditoris
442 3003 532 3092 odit,
544 3016 720 3101 optatque
738 3005 842 3078 illum
855 3006 990 3079 tacitus
1006 3006 1058 3079 ibi
1076 3030 1167 3095 esse,

129 3119 191 3190 ubi
206 3117 324 3190 videri
341 3117 496 3213 amplius
512 3141 587 3190 nou
604 3118 730 3214 possit.
763 3118 947 3193 Beneficia
964 3121 1061 3193 enim
1079 3121 1169 3193 obli·

129 3243 240 3328 gant3
268 3231 445 3327 obligatio
472 3241 595 3304 autem
620 3231 807 3305 servitudo
831 3245 911 3317 est;
938 3244 975 3306 et
992 3233 1168 3329 obligatio

131 3345 331 3418 insolubilis
349 3344 535 3418 servitudo
552 3363 742 3442 perpetua.
787 3347 931 3420 Servire
948 3358 1071 3420 autem
1088 3345 1168 3442 pari

131 3458 296 3531 odiosum
312 3470 381 3531 est.
408 3458 593 3531 Beneficia
609 3470 734 3531 autem
750 3471 902 3555 accepta
919 3461 964 3532 ab
983 3484 1039 3548 eo,
1058 3483 1168 3555 quem

132 3571 360 3667 agnoscimus
373 3571 608 3666 superiorem,
627 3571 789 3668 disponit
805 3572 853 3645 ad
869 3597 1031 3646 amorem
1045 3604 1055 3656 3
1082 3571 1169 3668 quia

132 3683 306 3779 obligatio
330 3685 412 3758 baec
442 3683 626 3781 depressio
652 3708 750 3758 nova
774 3710 849 3759 nou
876 3697 954 3759 est:
981 3685 1092 3758 etiam
1108 3708 1169 3758 ac-

133 3798 290 3893 ceptatio
321 3808 440 3894 grata,
472 3820 554 3894 quae
588 3797 812 3894 obligantem
846 3823 988 3896 semper
1018 3799 1168 3894 obligat,

132 3909 287 3983 babetur
310 3911 447 4006 ubique
469 3935 538 4008 pro
556 3911 810 3986 retributione.
864 3913 1049 3986 Beneficia
1065 3937 1169 3986 aece-

133 4023 227 4118 pisse
244 4023 291 4095 ab
308 4023 442 4119 aequali
458 4025 516 4096 vel
533 4024 643 4097 etiam
662 4026 707 4097 ab
721 4026 906 4115 inferiore,
920 4026 1007 4099 dum
1018 4050 1101 4122 spes
1114 4037 1170 4100 est

133 4136 370 4225 retribuendi,
388 4136 549 4233 disponit
570 4136 619 4210 ad
645 4161 817 4211 amorem.
871 4138 1056 4235 Obligatio
1073 4140 1170 4212 enim

135 4261 189 4321 est
205 4249 292 4321 boni
311 4250 449 4335 mutui;
476 4252 575 4325 uude
592 4251 710 4324 oritur
727 4250 925 4347 aliquando
935 4252 975 4325 iu
988 4252 1171 4326 benefaci-
