2926 4980
350 380 403 431 nn
424 379 618 432 murman
639 377 907 431 cnmsrmnu.
1075 364 1147 430 285

106 547 176 619 doc
193 547 431 644 cognoscitur
449 547 610 645 spiritus
628 548 705 621 Dei
721 576 735 621 .·
762 548 878 621 omnis
903 545 1063 645 spiritus
1085 546 1150 642 qui
1162 573 1362 629 carnxxrv.

107 660 305 754 coafitetur
319 658 446 731 desunt
460 658 649 730 Christum
663 660 700 732 in
712 684 828 734 carne
837 660 993 746 uenisse,
1007 684 1054 731 eo
1066 660 1150 731 Deo
1164 730 1184 773 D
1198 657 1329 771 *H

108 781 177 845 eat.
205 771 374 868 Spiritar
387 772 552 845 hocloco
567 766 870 868 signifieatfidem
890 772 1148 862 Christianam,
1162 740 1365 872 qddghieaniii

106 886 184 959 sive
211 885 477 958 confessionem
502 910 587 957 non<
600 888 725 959 fictam
741 886 885 959 articuli
903 886 1023 982 hujus,
1037 884 1150 958 Jecur
1161 858 1365 980 fflmufflff

108 1010 166 1072 est
188 996 390 1082 caricem
417 1024 490 1071 non
509 1000 750 1072 substantiam
768 1000 1031 1095 incorpoream.
1162 987 1366 1113 gwodan„

157 1113 279 1185 Verba
311 1113 385 1201 illa,
416 1113 522 1206 (Luc.
550 1113 597 1184 iv.
631 1115 679 1204 1),
706 1112 818 1186 Jecur
843 1113 982 1211 plenus
1009 1112 1151 1211 spiritu

106 1235 251 1313 sancto,
269 1249 336 1322 pro
359 1226 436 1299 zelo
458 1226 673 1322 perficiendi
692 1251 783 1324 opus
801 1226 900 1322 quod
917 1226 986 1322 ipsi
1004 1251 1027 1299 a
1045 1227 1152 1298 Patre

107 1362 175 1411 suo
202 1337 416 1410 mandatum
442 1350 533 1426 erat,
552 1338 756 1435 intelligere
781 1339 888 1440 facile
915 1350 994 1422 est;
1022 1339 1085 1412 sed
1107 1340 1153 1412 de

110 1451 256 1524 Christo
270 1452 404 1540 dicere,
421 1452 519 1549 quod
532 1454 662 1549 plenus
678 1465 757 1526 erat
770 1454 974 1526 substantia
984 1454 1155 1549 incorpo-

110 1589 184 1653 rea,
203 1564 453 1638 duriusculum
475 1577 541 1638 est.
595 1566 752 1661 Spiritus
781 1568 958 1639 hactenus
976 1590 1050 1638 non
1069 1567 1154 1638 sub-

111 1678 284 1750 stantiam
301 1678 566 1774 incorpoream,
584 1679 649 1752 sed
666 1681 724 1753 vel
749 1680 989 1752 substantiam
1006 1679 1154 1776 proprie

112 1790 249 1863 dictam
260 1802 297 1863 et
311 1791 459 1879 realem,
470 1792 528 1864 vel
541 1792 724 1888 significat
737 1793 984 1888 metaphorice
997 1793 1154 1888 gratiam

110 1904 272 1999 aliquam
289 1905 539 1978 excellentem.

162 2018 340 2113 Discipuli
359 2018 507 2108 Christi,
524 2019 723 2091 camillum
736 2018 903 2091 viderent
919 2019 1070 2111 (Matth.
1083 2019 1155 2090 xiv.

113 2139 174 2219 26,
193 2143 232 2202 et
251 2130 367 2202 Marc.
394 2131 442 2203 vi.
471 2132 535 2225 49)
556 2132 805 2204 ambulantem
823 2155 932 2227 super
948 2156 1060 2216 mare,
1079 2132 1156 2204 dix·

112 2257 221 2316 erunt
235 2243 402 2340 spiritum
418 2268 496 2316 esse
512 2276 521 2329 ;
548 2269 623 2317 non
638 2244 737 2339 quod
749 2269 832 2316 eum
847 2245 1065 2339 phantasma
1077 2268 1157 2317 esse

112 2358 364 2430 existimarent
379 2390 388 2441 ;
408 2358 548 2431 dictum
560 2359 656 2430 enim
675 2369 742 2447 est,
753 2357 852 2453 quod
868 2357 1041 2430 viderunt
1054 2357 1157 2429 illum

111 2493 260 2552 omnes;
288 2469 325 2541 id
347 2470 445 2565 quod
468 2495 491 2542 a
516 2483 649 2543 natura
674 2472 971 2566 phantasmatum
997 2471 1157 2544 alienum

112 2596 180 2656 est.
233 2585 433 2657 Potuerant
451 2595 572 2657 tamen
589 2583 685 2656 forte
703 2583 863 2673 credere,
883 2585 981 2680 quod
999 2597 1094 2658 esset
1111 2609 1157 2657 ex

113 2720 197 2769 aere
215 2709 444 2792 compactum
464 2721 607 2793 corpus.
645 2697 756 2770 Quod
773 2696 818 2769 de
832 2697 903 2769 illis
921 2722 1066 2794 quoque
1083 2697 1157 2770 dici

117 2821 251 2906 potest,
281 2810 342 2904 qui
378 2811 539 2898 Petrum,
571 2834 591 2882 e
619 2834 766 2883 carcere
793 2836 816 2883 a
841 2811 921 2885 Deo
949 2813 1155 2901 liberatum,

116 2923 278 3016 (Actxii.
297 2928 353 3014 15)
365 2923 537 2994 dixerunt
555 2946 633 2995 esse
651 2923 837 3022 Angelum
855 2925 947 3020 ejus.
999 2925 1096 2998 Nam
1111 2925 1157 2999 de

115 3036 326 3109 substantiis
337 3036 562 3131 incorporeis
576 3036 614 3107 in
629 3037 818 3133 scripturis
829 3037 850 3109 J
853 3038 1041 3111 udaeorum
1055 3063 1158 3112 men-

115 3151 168 3224 tio
186 3150 335 3223 omnino
348 3151 449 3222 nulla
462 3162 533 3233 est;
561 3150 624 3224 sed
639 3163 719 3223 tota
735 3150 798 3223 illa
815 3150 984 3225 doctrina
1000 3177 1023 3224 a
1038 3152 1157 3249 philo·
1208 3147 1218 3173 ⁸

113 3264 238 3360 sophis
256 3262 393 3337 Graecis
410 3264 590 3359 originem
615 3263 727 3336 ducit.
790 3263 1010 3361 Negandum
1034 3277 1157 3338 tamen

116 3390 271 3466 nonest,
286 3376 374 3473 quin
393 3377 641 3472 apparitiones
658 3377 789 3473 aliquae
808 3379 1062 3452 substantiales
1080 3403 1158 3452 esse

115 3490 277 3586 possint;
307 3488 411 3585 (quid
438 3489 534 3561 enim
562 3502 617 3562 est
647 3490 747 3585 quod
769 3490 867 3563 Deus
890 3494 1066 3586 perficere
1083 3517 1158 3566 non

116 3601 265 3699 possiti)
282 3625 401 3698 neque
419 3603 507 3697 quin
527 3603 612 3691 sint,
632 3602 774 3696 quoties
788 3626 915 3676 eorum
934 3629 1046 3701 opera
1058 3606 1158 3678 Deus

117 3716 246 3804 utitur,
258 3715 389 3810 angeli.
419 3716 569 3786 Habent
586 3728 710 3787 tamen
724 3715 981 3808 dimensiones,
994 3731 1030 3791 et
1047 3719 1158 3814 siqui-

117 3828 200 3901 dem
218 3829 314 3901 finiti
331 3839 429 3912 sunt,
447 3827 567 3899 locum
586 3827 742 3924 implent
765 3839 801 3900 et
824 3831 962 3902 moveri
982 3842 1158 3928 possunt;

115 3940 280 4013 sednon
306 3941 524 4036 incorporei,
551 3940 589 4014 id
615 3953 681 4030 est,
707 3965 783 4014 non
809 3954 893 4015 sunt
919 3943 1064 4034 rrullihi,
1091 3969 1159 4018 nec

116 4078 201 4127 cum
217 4055 413 4127 videantur
428 4078 505 4126 esse
523 4053 683 4151 aliquid,
702 4067 787 4129 sunt
804 4055 909 4129 nihil.

167 4167 351 4265 Angelos,
364 4192 436 4239 vox
454 4167 593 4255 Graeca,
609 4168 708 4264 apud
726 4169 935 4264 scriptores,
948 4180 1024 4241 tam
1036 4193 1159 4244 sacros

116 4303 227 4375 quam
246 4280 468 4376 prophanos,
488 4279 672 4374 significat
688 4281 865 4353 nuncium
881 4313 890 4365 ;
910 4281 947 4354 in
962 4281 1159 4377 Scripturis
