2926 4980
119 592 196 640 CAP.
212 592 261 642 lV.

123 673 265 706 »Ὓ--κ

123 733 157 778 De
165 749 269 780 sermone.

305 375 353 443 22
699 394 754 447 nu
774 395 957 446 nonina.

307 562 526 635 succedente
550 573 716 658 tempore
740 576 846 636 tauta
871 564 1053 636 aerumnis
1080 565 1188 660 copia
1214 565 1354 660 acquiri

306 677 439 773 potuit,
475 686 615 770 quauta
645 676 851 772 indigeret;
887 701 1097 772 quanquam
1127 701 1203 750 non
1234 689 1352 766 tauta,

308 802 447 885 quanta
480 790 618 862 oratori
651 791 707 863 vel
736 790 954 886 philosopho
983 816 1075 887 opus
1106 802 1212 864 esset.
1266 792 1353 864 Non

308 905 407 976 enim
428 904 575 975 invenio
601 903 640 975 in
667 892 867 999 Scripturis
894 905 1015 977 Sacris
1041 928 1087 977 ex
1113 929 1186 1000 quo
1213 904 1354 977 directe

307 1017 367 1089 vel
396 1041 463 1113 per
493 1017 796 1112 consequentiam
827 1017 959 1112 colligi
980 1028 1104 1112 potest
1135 1018 1352 1113 imposuisse

308 1130 491 1203 Adamum
522 1130 694 1203 varietati
728 1131 828 1202 omni
855 1132 1070 1228 figurarum,
1102 1155 1355 1218 numerorum,

308 1268 575 1330 mensurarum,
593 1243 771 1328 colorum,
792 1268 979 1327 sonorum,
997 1245 1276 1341 cogitationum,
1298 1269 1356 1318 re·

307 1359 489 1432 lationum
516 1356 687 1441 nomiua;
714 1358 976 1432 multominus
1003 1359 1221 1456 imposuisse
1249 1359 1354 1432 illum

308 1471 458 1545 uomina
470 1470 682 1545 nominibus
698 1482 735 1543 et
748 1471 988 1561 orationibus
1004 1473 1128 1568 qualia
1138 1484 1224 1546 sunt
1238 1498 1356 1568 gerre-

309 1586 405 1675 rate,
427 1585 608 1683 speciale,
637 1586 912 1679 affirmativum,
939 1586 1166 1684 negativum,
1193 1586 1357 1658 interro-

306 1701 487 1798 gativum,
513 1699 730 1795 optativum,
757 1698 989 1793 irpioitioum,
1011 1722 1094 1793 quae
1119 1699 1244 1771 omnia
1269 1708 1356 1770 sunt

308 1809 434 1892 utilia;
462 1810 611 1883 minime
630 1824 753 1884 autem
771 1811 937 1884 omnium
955 1811 1163 1895 entitatem,
1182 1811 1357 1882 intentio-

308 1923 518 2013 nalitotem,
544 1925 807 2021 qaidditotem,
835 1925 979 2021 aliaque
999 1923 1112 1995 verba
1134 1922 1356 1995 scholastica

309 2036 604 2131 insignificantia.

358 2151 610 2224 Veruntamen
628 2150 736 2245 copia
750 2150 830 2222 baec
845 2150 976 2237 omnin,
991 2150 1066 2221 sive
1080 2148 1262 2244 acquisita
1277 2149 1353 2220 sive

308 2276 418 2337 aucta
435 2265 481 2336 ab
500 2265 643 2337 Adamo
656 2275 694 2336 et
706 2263 862 2359 posteris
876 2263 966 2357 ejus,
985 2262 1126 2336 interiit
1142 2263 1288 2358 penitus
1305 2261 1354 2333 ad

308 2388 448 2451 turrem
467 2378 593 2467 Babel,
611 2401 684 2473 quo
703 2388 869 2472 tempore
882 2375 983 2448 Deus
1001 2399 1148 2448 omnem
1165 2374 1352 2446 homiuem

309 2491 488 2563 sermonis
511 2494 579 2577 sui,
605 2502 758 2586 propter
783 2488 1033 2576 rebellionem,
1060 2488 1244 2561 oblivione
1269 2511 1353 2583 per-

290 2604 433 2682 cussit.
486 2603 616 2699 ltaque
645 2601 856 2697 dispergere
886 2624 926 2673 se
955 2600 1092 2673 coactis
1123 2600 1162 2673 in
1193 2600 1353 2673 diversas

309 2717 438 2789 muudi
455 2727 591 2812 partes
611 2715 858 2788 necessarium
882 2725 975 2803 erat,
995 2725 1037 2787 ut
1055 2714 1267 2810 linguarum
1291 2739 1354 2787 va-

309 2832 433 2919 rietas,
453 2854 535 2925 quae
553 2854 651 2902 nunc
669 2840 736 2916 est,
755 2827 940 2924 gradatim
967 2829 1013 2900 ab
1031 2827 1102 2901 illis
1119 2828 1353 2923 processerit,

308 2956 422 3039 prout
441 2944 648 3030 necessitas,
666 2942 921 3015 inventionum
944 2940 1108 3013 omnium
1125 2952 1254 3030 mater,
1273 2941 1355 3014 illos

310 3057 487 3129 docuerat
502 3089 511 3140 ;
530 3057 653 3151 itaque
664 3065 787 3127 tractu
798 3054 974 3150 temporis
984 3055 1354 3151 linguaunaquaeque

309 3170 348 3242 in
366 3171 543 3265 majorem
561 3169 704 3272 copiam
722 3169 917 3241 verborum
935 3179 1045 3242 aucta
1060 3178 1127 3240 est.

362 3282 549 3356 Sermonis
566 3306 653 3354 usus
675 3281 982 3377 generalissimus
1000 3293 1056 3354 est
1073 3279 1263 3354 conversio
1281 3280 1355 3353 dis-

311 3422 438 3472 cursus
457 3395 627 3468 mentalis
651 3396 690 3467 in
706 3395 904 3482 verbalem,
932 3395 1006 3467 sive
1032 3394 1138 3467 seriei
1162 3393 1356 3488 cogitatio-

309 3538 399 3587 num
433 3523 642 3584 nostrarum
676 3509 715 3581 in
746 3509 876 3582 seriem
911 3509 1131 3581 verborum:
1164 3508 1275 3602 idque
1307 3506 1355 3579 ad

310 3628 403 3701 duos
420 3627 534 3698 fines:
562 3648 717 3720 quorum
735 3623 829 3695 ulter
852 3634 909 3695 est
936 3623 1158 3718 conscriptio
1176 3622 1357 3717 cogitato·

311 3764 415 3823 rum;
443 3764 526 3836 quae
557 3762 641 3811 cum
670 3761 690 3809 e
715 3737 894 3809 memoria
923 3735 1019 3808 elabi
1049 3748 1144 3831 aptae
1176 3736 1262 3823 siut,
1288 3758 1356 3829 per

310 3854 422 3926 verba
439 3854 513 3942 ille,
532 3852 663 3947 quibus
687 3851 984 3939 conscribuntur,
1011 3850 1176 3922 revocari
1200 3849 1354 3945 possint.

310 3966 452 4039 Primus
471 3991 561 4061 ergo
578 3988 666 4037 usus
683 3965 873 4037 nominum
891 3975 960 4047 est,
986 3976 1029 4035 ut
1055 3963 1130 4036 siut
1159 3987 1226 4059 pro
1254 3959 1353 4034 notis

308 4079 357 4151 ad
375 4080 601 4152 memoriam.
656 4078 760 4150 Alter
777 4089 846 4165 est,
859 4087 1055 4172 postquam
1070 4076 1175 4148 multi
1195 4072 1354 4147 eundem

308 4193 501 4266 calluerint
519 4217 737 4278 sermonem,
757 4203 797 4263 ut
816 4189 945 4282 ordine
972 4203 1010 4262 et
1035 4188 1262 4262 connexione
1287 4208 1354 4257 sua
