2926 4980
370 378 424 429 nu
445 377 639 430 crvrruru
659 378 924 431 cnnrsrrnun.
1091 358 1161 437 '271

130 545 214 632 cim,
245 554 283 616 et
310 545 535 641 reliquorum
566 555 734 640 quatuor.
803 544 962 618 Eosdem
996 553 1377 628 numeratcAPffl111

133 656 403 752 Hieronymus;
430 658 615 745 nimirum,
643 658 757 730 Mosis
776 659 948 754 quinque,
967 657 1165 753 Propheta·
1178 661 1370 771 Duff&

131 796 211 844 rum
242 785 339 856 octo,
374 783 411 845 et
431 771 777 868 Hagiographorum
803 794 948 843 novem.
1001 769 1166 865 Uterque
1178 788 1365 864 erumpens»

131 885 264 958 librum
292 885 487 981 Sapientiae
515 884 732 971 SolomoniS,
763 882 1070 971 Ecclesiasticum,
1100 852 1381 976 Ju-isiiiiiliii

134 998 225 1087 dith‚
242 999 407 1084 Tobiam,
424 999 583 1092 primum
595 1009 633 1070 et
650 997 850 1070 secundum
869 996 1167 1085 Machabeomm‚
1179 996 1229 1026 ¹⁰²
1239 992 1357 1026 '‘m‘'

133 1138 156 1185 a
183 1136 322 1185 canone
354 1111 527 1185 excludit.
596 1110 753 1184 Eosdem
780 1110 875 1184 solos
901 1110 1170 1184 transtulerunt

134 1224 389 1322 Septuaginta
416 1225 652 1324 Interpretee
675 1225 711 1295 iu
729 1224 893 1320 linguam
910 1224 1086 1311 Graecam,
1104 1223 1170 1296 ho-

134 1339 250 1411 mines
270 1337 391 1411 Judaei
409 1337 546 1411 Graecae
563 1337 699 1433 linguae
715 1337 836 1433 periti,
851 1339 954 1433 jussu
971 1337 1067 1433 regis
1085 1338 1171 1409 Pto-

134 1450 266 1523 lomaei.
318 1450 373 1522 De
394 1449 494 1522 libris
511 1451 736 1523 Testamenti
754 1450 851 1523 Novi
878 1449 974 1523 inter
1001 1450 1172 1522 ecclesias

136 1564 361 1636 Christianus
380 1565 630 1637 controversia
654 1563 754 1636 nulla
775 1574 842 1635 est.
894 1563 1087 1636 Librorum
1106 1564 1171 1636 Sa-

135 1700 280 1749 crorum
312 1677 508 1772 scriptores
525 1678 588 1772 qui
605 1676 753 1765 fuerint,
780 1700 824 1748 ex
850 1675 1011 1749 historiis
1028 1675 1172 1748 ostendi

136 1813 210 1863 non
226 1801 348 1884 potest
362 1821 371 1874 ;
398 1790 560 1886 ipsorum
577 1812 665 1885 ergo
676 1788 852 1861 librorum
871 1788 1008 1861 lumine
1021 1789 1172 1861 investi-

134 1902 244 1999 gandi
263 1916 395 1988 essent,
414 1902 444 1974 si
462 1903 610 1975 omnino
637 1900 849 1996 investigari
874 1913 1046 1997 posseut;
1075 1901 1172 1997 quod

135 2014 257 2088 lumen
275 2016 344 2088 etsi
365 2015 650 2112 uniuscujusque
676 2015 761 2088 libri
782 2015 997 2109 scriptorem
1023 2038 1096 2086 non
1115 2038 1171 2087 os-

135 2128 273 2216 tendat,
301 2127 461 2201 ostendit
486 2139 609 2200 tamen
636 2152 708 2224 quo
732 2126 810 2199 fere
835 2138 1000 2223 tempore
1018 2128 1171 2224 quisque

135 2240 290 2336 scriptus
304 2240 426 2314 fuerit.

186 2353 295 2426 Liber
326 2353 565 2426 Pentateuchi
596 2355 811 2449 scriptorem
836 2353 1006 2426 habuisse
1029 2353 1171 2425 Mosem

138 2489 212 2538 non
238 2466 396 2553 videtur,
425 2466 489 2538 sed
516 2466 639 2562 potius
669 2467 714 2539 de
743 2467 847 2539 Mose
873 2490 982 2562 quam
1011 2490 1034 2538 a
1068 2466 1172 2540 Mose

139 2581 296 2676 scriptus
327 2604 415 2653 esse.
482 2580 653 2676 Legimus
681 2580 801 2676 capite
827 2579 957 2653 ultimo
992 2580 1173 2654 Deutero-

137 2693 251 2765 nomii
266 2694 374 2785 (vers.
393 2699 451 2784 6):
483 2701 521 2764 et
537 2718 607 2766 non
625 2692 798 2791 cognouit
811 2692 915 2765 homo
938 2693 1173 2790 sepulchrum

138 2807 218 2900 ejus
245 2831 361 2904 usque
390 2807 429 2878 in
453 2815 679 2903 praesentem
708 2805 805 2877 diem
818 2832 832 2888 ,·
858 2805 981 2893 idest,
1004 2807 1173 2900 usquein

138 2919 233 2991 diem
252 2920 290 2991 in
308 2944 380 3016 quo
397 2919 490 2991 liber
507 2918 567 2990 ille
584 2918 743 3014 scriptus
761 2929 851 2991 erat.
890 2918 1073 3015 Scriptum
1085 2942 1172 3016 ergo

139 3055 215 3104 csse
229 3032 341 3127 longo
354 3043 438 3126 post
449 3041 605 3103 mortem
617 3031 732 3104 Mosis
743 3042 921 3128 ternpore,
939 3032 1174 3105 manifestum

138 3157 204 3217 est.
257 3143 368 3220 Quod
386 3144 528 3216 Mosem
548 3144 660 3216 verba
684 3145 764 3217 haec
790 3144 975 3240 scripsisse
999 3169 1065 3241 per
1089 3169 1174 3240 pro-

138 3257 302 3352 phetiam
332 3257 468 3344 dicant,
498 3257 664 3351 ineptum
694 3269 761 3329 est.
831 3259 982 3345 Rursum
1013 3258 1051 3328 in
1081 3258 1175 3332 libro

139 3372 313 3445 Genesios
339 3371 417 3463 (xii.
443 3370 483 3464 6)
516 3370 692 3466 legimus:
750 3369 1005 3443 Pertronaioit
1032 3370 1177 3444 Abram

139 3495 281 3557 terram
298 3508 414 3582 usqae
439 3483 494 3556 ad
517 3483 634 3556 locum
652 3482 810 3572 Sichem,
830 3507 943 3580 usque
962 3483 1017 3556 ad
1031 3483 1177 3556 conval-

139 3597 209 3670 lem
221 3597 418 3670 illustrem.
446 3596 897 3670 Chananeusontcmtnnc
910 3597 1175 3669 eratinterra.

140 3710 232 3784 Quae
260 3709 372 3782 verba
397 3733 575 3782 essenon
601 3720 755 3804 possunt
782 3708 852 3781 nisi
880 3709 970 3805 ejus,
997 3707 1060 3805 qui
1088 3719 1177 3779 tunc

138 3822 285 3919 scripsit
303 3822 449 3917 quando
475 3821 513 3894 in
542 3845 586 3893 ea
614 3832 714 3894 terra
739 3821 956 3894 Chananeus
982 3845 1057 3894 non
1084 3832 1175 3894 erat.

139 3935 224 4007 Non
251 3944 337 4007 sunt
355 3958 443 4030 ergo
474 3957 518 4006 ea
547 3935 660 4006 verba
688 3934 814 4007 Mosis.
869 3934 1019 4022 Rursus,
1050 3934 1176 4027 (Num.

139 4048 212 4120 xxi.
244 4050 316 4140 14,)
343 4046 395 4119 sic
421 4046 597 4142 legimus:
634 4045 791 4118 Dicitur
821 4047 859 4119 in
885 4046 982 4119 libro
1001 4045 1179 4118 bellorum

140 4160 317 4233 Domini:
345 4158 451 4232 Sicut
463 4159 570 4257 fecit
587 4159 626 4232 in
643 4159 752 4232 Mari
762 4159 902 4248 Rubro,
921 4159 977 4232 sic
988 4159 1122 4256 faciet
1140 4159 1179 4231 in

136 4266 369 4346 'torrentibus
399 4273 542 4346 Arnon.
596 4273 690 4348 Quae
715 4274 825 4346 scribi
842 4297 865 4346 a
882 4274 986 4347 Mose
1003 4273 1084 4369 ipso
1101 4296 1179 4346 non
1304 4358 1315 4377 ‚
