2926 4980
346 391 563 455 Aornunrx
584 403 639 453 xo
658 403 916 455 nnvmunau.
1081 389 1153 454 549

108 581 188 642 tum
205 570 263 641 vel
279 570 419 643 factum
434 570 483 643 sit
500 569 539 641 id
557 569 657 664 quod
674 568 755 665 lege
772 569 1000 666 prohibetur,
1020 580 1057 641 et
1070 594 1154 664 pro·
1203 601 1281 651 car.
1294 601 1331 648 11.

108 682 195 755 inde
219 683 341 778 puniri
371 685 499 780 possit,
518 682 609 755 illud
638 681 783 754 definiri
813 683 867 755 ita
892 682 1014 773 debet,
1033 694 1075 755 ut
1100 683 1153 755 illi
1194 681 1338 797 ὦ

108 820 247 885 omnes
267 797 329 892 qui
347 796 428 892 lege
445 796 509 869 illa
524 795 711 891 obligandi
726 806 823 884 sunt,
842 806 1068 891 cognoscant
1082 796 1153 868 hoc
1323 783 1328 795 ’

108 921 147 983 et
163 908 254 982 illud
270 909 422 998 factum,
438 922 549 1005 prout
566 909 647 1005 lege
665 932 749 980 cum
766 908 1051 981 circumstantiis
1064 907 1155 981 defi·

108 1023 229 1096 nitum
248 1035 314 1111 est,
332 1023 391 1096 vel
408 1023 488 1096 haec
505 1022 563 1095 vel
588 1022 651 1095 illa
668 1022 792 1110 verba,
812 1046 893 1117 quae
917 1022 954 1094 in
976 1023 1056 1118 lege
1074 1022 1155 1118 ipsa

110 1137 331 1225 scribuntur,
362 1136 549 1233 punienda
576 1158 665 1208 esse.
719 1135 816 1208 Nam
841 1137 1036 1208 verborum
1065 1160 1154 1207 con-

110 1250 311 1345 sequentiae
344 1249 567 1322 difficillimae
598 1247 768 1344 judicatu
799 1260 897 1320 sunt.
960 1249 1089 1344 ltaque
1123 1249 1154 1320 si

110 1387 207 1452 reuS,
225 1363 458 1458 ignoratione
471 1363 566 1434 bene
583 1360 842 1449 ratiocinandi,
861 1374 992 1435 contra
1009 1361 1154 1434 literam

110 1477 204 1572 legis
230 1476 404 1571 loquutus
443 1475 502 1564 sit,
533 1474 635 1547 nullo
666 1473 839 1569 cuiquam
879 1473 1014 1546 damno
1040 1473 1153 1563 facto,

111 1589 302 1662 excusabit
319 1589 421 1661 illum
448 1588 669 1684 ignorantia.
725 1588 789 1659 Sin
813 1587 928 1683 judex
954 1610 1022 1683 per
1048 1587 1154 1683 igno-

111 1703 270 1775 rantiam
309 1702 464 1799 alicujus
511 1702 785 1797 consequentiae
822 1701 1008 1773 hominem
1051 1701 1156 1775 inno·

112 1827 256 1889 centem
270 1841 389 1912 poenae
400 1816 605 1904 tradiderit,
619 1815 785 1888 excusari
797 1838 869 1886 non
881 1825 1016 1910 potest.
1045 1814 1155 1888 Quod

112 1929 142 2002 si
159 1930 272 2002 verba
289 1931 369 2026 ipsa
385 1931 478 2002 sciat
496 1940 627 2002 contra
644 1928 763 2024 legem
774 1950 865 2014 esse,
883 1928 1007 2023 puniri
1020 1939 1153 2022 potest.

113 2042 238 2116 Quare
256 2044 318 2138 qui
337 2043 456 2115 Deum
474 2066 553 2115 esse
579 2055 703 2137 negat,
721 2042 780 2113 vel
808 2052 934 2138 aperte
961 2043 1156 2137 profitetur

112 2153 281 2227 dubitare
305 2178 344 2227 se
367 2178 415 2227 an
433 2154 481 2226 sit
496 2155 555 2227 vel
572 2179 646 2226 non
670 2154 729 2242 sit,
747 2155 817 2226 etsi
834 2153 964 2228 modus
978 2155 1156 2250 puniendi

113 2266 319 2362 adscriptus
342 2266 416 2361 legi
442 2291 517 2340 non
546 2267 605 2355 sit,
634 2267 757 2363 puniri
782 2281 918 2362 potest,
936 2267 1001 2339 sed
1031 2268 1153 2356 exilio,

114 2380 226 2452 etiam
250 2378 424 2474 aequitate
448 2379 618 2452 naturali.
671 2379 768 2450 Nam
791 2379 919 2475 religio
949 2392 987 2452 et
1013 2380 1154 2476 agnitio

113 2492 291 2588 potentiae
318 2491 451 2564 divinae
468 2493 507 2564 in
526 2494 625 2567 omni
650 2493 798 2565 civitate
816 2493 897 2590 lege
927 2495 1153 2588 imperatur:

115 2617 152 2677 et
170 2616 225 2677 est
243 2604 382 2677 civitati
401 2605 498 2677 omni
518 2607 724 2696 essentiale,
742 2607 839 2679 utin
857 2608 974 2702 pactis
989 2620 1156 2679 servetur

114 2717 218 2806 fides,
247 2730 285 2789 et
314 2718 500 2815 praecipue
528 2721 558 2792 si
586 2720 634 2792 sit
657 2719 897 2816 jurejurando
926 2720 1155 2793 confirmata.

117 2831 215 2905 Quia
231 2854 320 2926 ergo
337 2832 468 2905 atheus
488 2832 730 2929 jurejurando
750 2832 906 2928 obligari
923 2858 998 2905 non
1019 2843 1155 2930 potest,

115 2944 342 3040 erepublica
367 2946 529 3042 ablegari
556 2947 677 3036 debet,
696 2971 771 3019 non
795 2958 837 3019 ut
861 2959 1072 3036 contumax,
1091 2947 1157 3021 sed

115 3068 158 3129 ut
184 3070 446 3132 nocumentum
474 3060 673 3155 publicum.
727 3060 801 3133 Cur
829 3073 963 3148 autem,
992 3072 1158 3134 cessante

117 3172 251 3245 damno
286 3173 446 3268 publico,
486 3174 709 3247 occidendus
735 3175 782 3246 sit
813 3198 888 3245 non
922 3174 1041 3262 video,
1073 3199 1158 3247 cum

117 3284 164 3356 ab
190 3284 380 3380 impietate
411 3287 575 3359 converti
609 3286 724 3382 possit
751 3286 959 3381 aliquando.
1012 3287 1109 3359 Nam
1137 3310 1160 3358 a

116 3396 395 3492 longanimitate
413 3397 538 3471 divina
562 3398 651 3494 quid
677 3412 733 3471 est
758 3399 857 3493 quod
884 3423 1030 3495 sperare
1048 3400 1158 3472 homo

117 3534 193 3583 non
215 3522 352 3606 potest,
369 3521 564 3606 antequam
583 3513 788 3585 moriatur?
842 3513 1017 3586 Similiter
1034 3513 1159 3586 dicen-

118 3623 206 3696 dum
233 3636 289 3696 est
315 3624 361 3695 de
386 3624 624 3720 blasphemia,
644 3649 726 3721 quae
753 3637 807 3697 est
833 3625 950 3698 oratio
976 3627 1016 3698 in
1040 3626 1159 3698 Deum

118 3738 393 3828 contumeliosa,
409 3751 457 3825 et,
476 3741 729 3813 consentiente
747 3740 870 3814 animo
882 3765 966 3812 cum
980 3741 1159 3830 oratione,
1215 3767 1218 3773 ·

118 3851 331 3924 atheismus

168 3964 204 4036 A
210 4020 217 4036 .
246 3965 370 4039 Quare
387 3977 510 4036 autem
529 3989 605 4037 non
622 3966 776 4062 relegati
802 3965 924 4061 potius
942 3980 1048 4039 erant
1064 3967 1161 4041 blas-

117 4077 254 4173 phemi,
271 4102 338 4173 per
354 4079 472 4173 legem
493 4079 707 4168 Mosaicam‚
726 4103 835 4175 quam
854 4079 989 4153 occisi?

169 4190 217 4262 B.
238 4190 336 4263 Quia
354 4214 427 4286 quo
440 4192 523 4286 jure
541 4214 605 4263 rex
623 4205 789 4265 terrenus
804 4192 1068 4288 blasphemum,
1080 4193 1160 4290 lege

119 4303 205 4392 lata,
235 4328 349 4399 regno
379 4329 445 4377 suo
471 4314 593 4400 potest
618 4305 811 4402 expellere,
838 4307 964 4380 eodem
988 4309 1071 4403 jure
1097 4333 1162 4382 rex
