2926 4980
380 384 433 436 nn
454 383 648 437 orvrrurn
669 381 937 434 curtismunt.
1104 365 1173 431 341

142 546 247 620 nobis
273 548 463 639 Dominus,
491 576 538 623 ne
553 550 668 647 sorte
702 548 914 622 nwriamnr.
966 547 1059 619 Haec
1093 553 1180 618 sunt
1218 576 1364 629 crum,

143 661 255 733 verba
274 664 566 758 promittentium
590 662 845 751 obedientiam,
864 673 902 734 et
927 658 1059 757 quibus
1088 657 1180 731 obli·
1207 657 1370 779 ὦ

143 788 322 867 gavenmt
336 800 374 849 se
391 778 570 873 imperata
585 775 706 848 facere
724 774 847 848 omnia
860 797 942 870 qnae
958 797 982 845 a
994 772 1073 846 Deo
1091 770 1180 867 ipsis
1208 787 1249 831 Μ
1266 786 1289 830 in
1309 784 1377 828 Aba*

1204 852 1278 902 hamo,
1297 848 1368 900 Mona,

144 886 340 983 imperaret
358 890 491 962 Moses.
1205 916 1377 960 maam-

196 1001 416 1097 Quanqnam
449 1014 573 1076 antem
608 1025 762 1097 regnum
795 1011 905 1097 pacto
939 998 1179 1072 constitutum
1205 981 1378 1103 ffiu'ffi‘ss

146 1113 369 1188 sacerdotale
386 1128 494 1206 esset,
512 1114 551 1187 id
568 1124 634 1204 est,
653 1138 808 1210 regnum
824 1112 963 1186 Aaroni
984 1110 1180 1185 haredita-

144 1226 260 1310 rium;
287 1228 364 1324 ipse
378 1240 500 1301 tamen
519 1228 739 1301 constitutor
756 1228 832 1323 ejus
850 1226 985 1315 Moses,
998 1247 1182 1297 summum

144 1339 336 1436 imperium
360 1367 427 1438 pro
453 1366 517 1415 suo
544 1353 710 1440 tempore
734 1339 902 1413 habuisse
919 1336 1181 1434 intelligendus

145 1466 224 1526 est:
253 1457 338 1550 quia
367 1455 525 1528 civitatis
551 1456 799 1551 cujuscunque
829 1452 1061 1542 constitutor,
1093 1450 1181 1523 dum

145 1591 225 1639 eam
239 1569 441 1657 constituit,
454 1580 674 1664 potestatem
688 1590 865 1640 summam
879 1576 920 1638 ut
937 1563 1180 1637 necessariam

145 1681 278 1754 habere
297 1682 416 1755 debet.
469 1682 579 1757 Quod
609 1694 730 1755 autem
748 1681 871 1753 Moses
897 1689 1118 1776 potestatem
1136 1677 1179 1749 il-

143 1795 215 1867 lam
236 1795 398 1885 retinuit,
417 1795 649 1868 manifestum
668 1805 786 1867 estex
805 1792 1003 1888 Scripturis
1032 1790 1177 1864 Sacris:

145 1931 230 1980 nam
253 1906 317 1997 illi,
337 1931 410 1980 non
434 1908 581 1995 Aaroni,
599 1905 747 1979 obedire
770 1905 926 2001 populns
948 1903 1179 2001 promiserat.

145 2020 336 2109 Praeterea,
371 2018 499 2110 (Exod.
518 2019 613 2090 xxiv.
637 2027 667 2106 l,
686 2020 751 2111 2):
791 2016 896 2088 Mosi
922 2015 1021 2088 dixit
1054 2014 1180 2100 Dens,-

146 2134 305 2205 ascende
334 2133 391 2207 ad
417 2132 610 2204 Dominam
643 2141 693 2220 tn,
724 2139 761 2202 et
788 2118 932 2219 Maron,
960 2128 1112 2217 Nadab,
1143 2138 1181 2201 et

146 2246 180 2316 A
185 2245 257 2334 bia,
272 2256 308 2317 et
321 2245 565 2342 septuaginta
583 2269 689 2316 serres
703 2269 751 2316 ea
768 2243 899 2316 Israel
908 2272 922 2329 ;
948 2254 985 2316 et
1004 2241 1180 2315 odorabi-

146 2358 196 2429 tis
202 2358 351 2455 procat.
379 2358 561 2455 Sotnsqne
574 2357 704 2429 Moses
719 2357 898 2431 ascendet
912 2358 967 2429 od
976 2356 1180 2446 Dominam,

145 2479 183 2543 et
201 2469 347 2543 illinon
365 2470 720 2570 appropinquabant
730 2499 745 2554 ,·
782 2495 849 2543 nec
867 2469 1034 2568 populas
1052 2494 1179 2542 ascen

147 2583 210 2654 det
232 2608 310 2655 enm
336 2608 389 2656 eo.
442 2584 676 2657 Manifestum
707 2608 796 2679 ergo
818 2596 884 2672 est,
903 2583 1045 2656 Mosem
1063 2583 1180 2656 solum

145 2719 337 2790 personam
354 2698 422 2769 Dei
452 2699 618 2794 gessisse,
642 2699 720 2772 sine
746 2696 979 2793 septuaginta
999 2697 1069 2770 illis
1086 2699 1181 2770 seni-

145 2809 235 2892 bus;
253 2809 427 2906 illumque
441 2812 557 2884 solum
571 2836 614 2885 eo
627 2823 792 2908 tempore
806 2835 985 2884 summam
998 2810 1180 2900 habuisse,

146 2921 213 2993 snb
237 2922 328 3012 Deo,
345 2936 577 3019 potestatem.
629 2926 677 2997 Et
705 2927 816 3016 (vers.
837 2935 870 3013 9,
895 2930 972 3018 10):
1003 2926 1181 2998 ascende-

147 3044 306 3132 rantque
322 3036 462 3127 Moses,
478 3048 515 3110 et
528 3037 671 3127 Aaron,
689 3036 845 3125 Nadab,
863 3048 901 3110 et
916 3039 948 3109 A
953 3037 1026 3127 bin,
1044 3048 1082 3110 et
1095 3064 1181 3137 sep-

149 3148 326 3244 tuaginta
353 3149 400 3221 de
421 3150 628 3223 senioribus
645 3151 786 3236 Israel,
803 3162 841 3224 et
867 3150 1039 3224 viderant
1062 3152 1181 3224 Deam

153 3259 287 3350 Israel,
306 3271 344 3334 et
360 3262 426 3334 snb
440 3262 603 3360 pedibas
621 3264 700 3357 ejas
717 3264 830 3361 qnasi
847 3288 939 3363 opas
958 3263 1102 3360 lapidis
1118 3290 1181 3338 sa-

140 3373 304 3471 phirini,
315 3384 352 3447 et
366 3376 475 3471 qnasi
493 3375 621 3448 coelnrn
639 3402 718 3450 cara
735 3401 902 3449 serenam
917 3385 985 3449 est.
1031 3378 1181 3452 Factum

148 3500 271 3562 autem
289 3500 345 3560 est
360 3488 431 3562 hoc
448 3501 641 3586 postquam
659 3492 782 3563 Moses
806 3515 892 3563 cum
915 3488 992 3563 Deo
1009 3490 1181 3585 loquutus

148 3612 254 3690 esset,
272 3613 311 3674 et
326 3613 518 3698 postquam
535 3603 669 3700 populo
683 3605 796 3676 verba
808 3603 877 3676 Dei
894 3604 1180 3677 renuntiaverat.

147 3713 202 3786 De
220 3714 343 3810 populi
360 3715 469 3788 rebus
488 3716 606 3788 Deum
624 3716 805 3789 consuluit
829 3714 926 3788 solus
944 3715 1067 3788 Moses
1082 3747 1091 3799 ;
1119 3716 1181 3811 qui

146 3849 230 3898 cum
253 3849 296 3899 eo
320 3841 436 3916 erant,
454 3827 602 3900 honoris
631 3839 774 3901 tantum
792 3852 901 3901 causa
918 3827 1067 3901 admissi
1084 3840 1180 3902 sunt.

147 3939 339 4028 Praeterea,
358 3939 457 4035 quod
474 3940 578 4012 Dens
589 3940 733 4013 Morem
750 3941 963 4039 attopnntns
977 3951 1034 4012 est
1046 3941 1181 4038 passim

146 4052 292 4149 legitur,
323 4052 506 4126 Aaronem
537 4054 665 4127 rarius.
717 4055 838 4128 Etiam
868 4054 1054 4150 religionis
1081 4078 1182 4129 cere-

148 4167 300 4254 monias,
324 4190 405 4262 quae
432 4168 666 4240 continentur
692 4167 807 4241 Exod.
826 4167 1028 4242 xxa-uxi.
1054 4180 1092 4241 et
1117 4192 1182 4264 per

147 4291 266 4353 totum
292 4280 426 4353 librum
458 4280 671 4370 Leviticum,
706 4281 803 4354 solus
833 4279 1016 4354 ordinavit
1046 4282 1181 4355 Moses.
