2926 4980
321 379 539 432 Aeeunmx
558 377 613 428 an
633 376 889 428 nnvrnrnan.
1055 362 1122 429 561

138 558 187 632 Α.
215 560 370 650 Deinde,
397 559 517 656 capite
552 568 685 652 quarto
720 557 786 629 sub
821 556 979 646 initium,
1015 569 1128 654 negat

87 671 321 746 eubetaotiaa
345 674 438 746 ullas
468 696 546 746 esse
574 671 830 769 incorporeae.
896 670 999 746 Quid
1028 671 1128 744 aliud

89 799 146 858 est
171 788 252 876 hoc,
285 811 395 883 quam
423 808 558 881 negare
587 784 707 857 Deum
737 806 827 872 esse,
858 784 916 857 vel
945 784 1127 858 affirmare

89 899 208 972 Deum
226 923 304 973 esse
323 899 480 995 corpus?

141 1013 188 1084 B.
215 1012 383 1085 Affirmat
407 1010 555 1106 quidem
584 1008 704 1080 Deum
729 1031 808 1082 esse
842 1033 987 1106 corpus,
1055 1009 1129 1083 Sed

89 1138 175 1198 ante
192 1124 389 1198 cumidem
408 1122 601 1197 affirmavit
616 1122 874 1196 Tertullianus.
927 1123 1128 1220 Disputans

89 1239 187 1310 enim
205 1251 336 1311 contra
352 1237 518 1335 Apellem
537 1235 702 1330 aliosque
719 1236 776 1307 sui
792 1236 969 1332 temporis
982 1236 1129 1309 haereti·

89 1374 163 1440 coa,
182 1352 245 1447 qui
263 1352 489 1425 Salvatorem
506 1360 675 1423 nostrum
696 1349 824 1422 lesum
842 1349 1027 1423 Christum
1053 1373 1129 1423 non

90 1487 223 1560 corpus
248 1465 313 1537 sed
332 1465 551 1561 phantasma
568 1484 648 1535 esse
666 1459 883 1551 docuerunt,
902 1461 1042 1535 dictum
1059 1463 1130 1535 hoc

88 1577 293 1651 universale
309 1575 583 1674 pronuntiavit:
611 1573 794 1671 quicquid
818 1598 954 1671 corpas
970 1599 1042 1647 aon
1060 1585 1129 1665 est,

89 1715 160 1763 non
178 1701 321 1765 eatena.
362 1692 457 1763 Item
471 1688 802 1762 contraPraxeam:
820 1686 946 1760 Omnis
958 1687 1131 1761 substan-

90 1803 147 1876 tia
163 1814 222 1877 est
239 1829 377 1903 corpus
394 1803 453 1876 sui
467 1799 635 1901 generis.
688 1799 818 1894 Neque
835 1800 874 1871 in
888 1800 962 1874 ullo
977 1825 1022 1874 ex
1040 1825 1130 1898 qua-

87 1925 173 1989 tuor
186 1918 358 1992 Conciliis
375 1916 502 2014 primis
520 1912 751 2011 generalibus
767 1912 936 1986 doctrina
952 1915 1031 1988 haec
1045 1939 1132 1989 con·

90 2029 263 2104 demnata
288 2041 353 2103 est.
406 2027 580 2116 Ostende,
607 2025 637 2096 si
662 2035 780 2120 potes,
806 2048 936 2097 vocem
962 2027 1131 2126 incorpo-

89 2165 191 2215 ream
219 2143 278 2215 vel
308 2139 556 2214 immateriale
589 2139 629 2211 in
663 2139 874 2235 Scripturis.
937 2140 1017 2236 Ego
1043 2165 1131 2215 vero

90 2254 283 2328 ostendam
299 2253 368 2326 tibi
380 2252 655 2350 plenitudinem
673 2250 886 2323 divinitatio
899 2250 1075 2325 habitare
1092 2253 1131 2326 in

94 2366 245 2438 Christo
270 2364 537 2464 corporaliter,
564 2363 695 2449 idest,
720 2374 763 2435 ut
789 2365 940 2460 exponit
965 2366 1129 2439 Athana-

91 2479 177 2563 siuS,
194 2477 384 2552 Dealiter.
429 2476 562 2549 Omnes
585 2500 709 2549 samus
727 2485 766 2548 et
782 2501 962 2550 movemur
980 2478 1018 2551 in
1035 2478 1128 2570 Deo,

90 2601 176 2663 sunt
195 2591 295 2684 (Act.
313 2591 399 2663 xvii.
419 2591 483 2684 28)
503 2589 616 2662 verba
629 2588 732 2661 Pauli
753 2590 920 2685 apostoli.
974 2590 1131 2673 Quanti-

90 2715 204 2777 tatem
231 2716 355 2776 autem
384 2704 560 2776 habemus
590 2724 729 2774 omnes.
797 2703 857 2775 An
881 2713 1058 2801 quantam
1075 2706 1132 2778 in-

91 2841 168 2891 esse
180 2829 304 2914 potest
321 2818 359 2889 in
377 2841 448 2890 noa
465 2819 638 2914 quanto?
690 2815 849 2911 Magnus
866 2828 924 2890 est
940 2817 1051 2908 Deua,
1068 2819 1132 2892 sed

89 2930 384 3028 magnitudinem
410 2930 616 3025 intelligere
633 2929 712 3001 sine
729 2951 884 3024 corpore
908 2930 1131 3026 impossibile

91 3056 158 3118 est.
211 3045 268 3117 Ne
295 3069 317 3117 a
343 3044 508 3117 Concilio
528 3043 671 3116 Niceno
689 3041 838 3138 quidem
863 3042 1051 3116 definitum
1076 3056 1133 3117 est

91 3159 207 3231 Deum
223 3182 301 3231 esse
315 3158 586 3254 incorporeum.
613 3157 739 3229 Patres
753 3169 877 3230 autem
888 3157 952 3252 qui
965 3157 1131 3247 aderant,

90 3272 214 3345 nescio
232 3295 281 3344 an
299 3293 440 3360 omnes,
458 3271 511 3344 ita
529 3281 743 3354 senserunt3
771 3271 904 3367 etipse
922 3271 1133 3345 Constanti-

89 3408 158 3457 nus
183 3408 312 3459 vocem
341 3385 454 3473 illam,
483 3381 645 3476 ὁμόυσιον,
676 3384 716 3456 id
747 3395 813 3474 est,
844 3385 1131 3476 coessentialem,

90 3498 173 3571 ideo
192 3498 461 3595 comprobavit,
475 3497 571 3592 quod
586 3521 631 3570 ex
646 3521 690 3570 ea
701 3521 790 3569 voce
803 3496 990 3570 videretur
1006 3498 1060 3572 illi
1076 3523 1133 3572 se-

91 3612 153 3708 qui
170 3611 291 3685 Deum
310 3635 393 3684 esse
410 3613 681 3708 incorpoream.
725 3610 986 3700 Nihilominus
1003 3635 1132 3684 vocem

90 3724 201 3811 illam,
220 3723 492 3821 incorporeum,
504 3747 586 3818 quae
597 3747 672 3796 non
686 3735 742 3795 est
755 3723 794 3794 in
806 3723 997 3820 Scriptura
1008 3725 1131 3813 Sacra,

90 3836 128 3907 in
155 3834 361 3930 symbolum
391 3835 526 3907 inferre
551 3833 760 3907 noluerunt.
814 3835 945 3932 Neque
973 3860 1059 3909 vero
1087 3861 1132 3910 ex

90 3972 181 4021 voce
200 3946 471 4036 coessentialia,
498 3971 709 4044 quanquam
734 3950 892 4022 essentia
908 3973 1041 4046 corpus
1058 3973 1134 4023 non

91 4061 150 4150 sit,
161 4060 289 4134 inferri
302 4072 424 4158 potest
434 4061 503 4135 Dei
515 4061 790 4158 incorporeitas.
843 4063 952 4136 Pater
969 4063 1133 4154 Davidis,

90 4186 129 4247 et
148 4175 244 4247 filius
263 4174 393 4263 Obedi,
420 4199 505 4247 cum
527 4175 639 4247 fuerit
659 4199 755 4248 unus
780 4186 819 4247 et
848 4175 946 4248 idem
975 4177 997 4249 J
1001 4181 1133 4261 essens

90 4299 198 4361 erant
221 4286 515 4370 coessentialem
542 4288 755 4383 sequiturne
782 4287 869 4361 inde
896 4290 1044 4363 Patrem
1060 4292 1134 4365 Da-

192 4423 285 4474 vot.
301 4423 364 4473 ιιι.
966 4426 1032 4478 oo

1169 580 1247 629 CAP.
1260 578 1313 626 Ill.

1167 659 1310 694 *ar-³

1163 731 1198 776 Dc
1208 732 1297 790 quibus

1163 797 1215 841 dam
1224 797 1293 854 objec-

1163 862 1261 907 tionibus
1268 873 1317 905 con-

1165 932 1199 971 tm
1212 925 1340 971 matha.
