2926 4980
511 364 564 414 na
586 366 793 418 crvrrnra.
1112 360 1180 426 183

132 527 251 599 tiones
282 528 463 602 reddendi
490 554 583 604 onus
609 533 801 606 incumbit.
855 534 1027 609 Minister
1056 550 1180 611 autem
1197 578 1275 630 epp,
1288 581 1391 637 xxm·

130 640 301 736 publicus
330 668 374 716 eo
402 653 469 732 est,
488 645 575 739 quia
601 669 753 719 summae
783 650 961 742 potestati
984 653 1108 741 servit,
1136 665 1179 728 ut
1192 666 1363 768 ΒΒΤ

130 777 300 848 personae
318 756 489 829 civitatis.
745 829 748 834 ,
1191 731 1368 835 suffla.

181 867 367 957 Secund0,
396 869 528 965 quibus
551 894 749 962 armorum,
768 885 986 963 castrorum,
1004 889 1177 972 portuum
1190 854 1264 899 Μ’
1276 855 1376 913 ΨΜ

130 981 328 1054 commissa
346 993 403 1055 est
419 983 608 1068 custodia;
637 986 768 1080 quibus
782 986 915 1060 milites
933 990 1176 1081 conscribere,

131 1093 280 1184 ducere,
302 1095 475 1169 salarium
506 1097 657 1187 solvere,
682 1100 887 1173 authoritas
919 1100 1005 1174 data
1034 1115 1100 1192 θεῖ,
1118 1106 1177 1178 νθ]

130 1208 338 1282 necessaria
354 1208 403 1281 ad
419 1210 556 1283 bellum
566 1211 641 1284 sive
652 1223 752 1284 terra
761 1214 836 1285 sive
850 1214 943 1285 mari
956 1238 1176 1310 procurare;

129 1321 292 1395 ministri
304 1324 444 1420 publici
460 1337 558 1398 sunt.
611 1325 719 1398 Miles
736 1340 871 1414 autem,
890 1327 960 1399 etsi
987 1351 1055 1423 pro
1088 1329 1177 1402 civi-

129 1447 208 1506 tate
230 1449 385 1532 pugnet,
399 1463 596 1534 personam
613 1440 770 1511 civitatis
795 1463 920 1512 coram
937 1442 1083 1514 nemine
1117 1466 1175 1515 rc-

128 1561 354 1642 praesentat;
371 1577 491 1648 neque
505 1576 594 1648 ergo
611 1552 779 1625 minister
794 1553 963 1648 pubhcus
977 1568 1047 1627 est.
1100 1556 1174 1629 Sed

128 1660 216 1750 dux,
237 1663 324 1757 quia
345 1665 540 1761 imperium
566 1666 689 1753 habet,
716 1689 913 1762 personam
936 1668 1096 1742 civitatis
1114 1693 1173 1741 re-

127 1788 329 1870 presentat
345 1802 467 1850 coram
486 1778 663 1851 militibus
682 1779 812 1873 quibus
829 1782 997 1874 imperat,
1016 1793 1054 1853 et
1073 1783 1168 1855 min-

125 1887 216 1961 ister
231 1890 401 1985 publicus
411 1903 479 1964 est.

174 2003 299 2075 Etiam
318 2005 447 2099 quibus
464 2005 640 2101 populum
664 2004 821 2078 docendi
845 2006 1054 2079 authoritas
1086 2030 1173 2079 cou-

123 2139 229 2188 cessa
240 2127 308 2205 est,
323 2118 479 2190 ministri
490 2119 628 2215 publici
647 2130 757 2203 sunt;
778 2119 864 2214 quia
876 2119 1066 2215 negotium
1079 2121 1171 2214 pub-

122 2226 236 2300 licum
265 2241 332 2317 est,
359 2243 396 2302 et
422 2231 647 2303 authoritate
664 2231 812 2325 publica
828 2230 1170 2304 administrandum.

125 2340 308 2438 Populum
325 2343 423 2414 enim
441 2343 598 2417 docendi
616 2344 823 2416 monarchis
847 2344 934 2416 solis
952 2356 988 2416 et
1015 2345 1170 2418 coetibus

126 2455 281 2526 summis
309 2455 514 2528 authoritas
535 2481 558 2527 a
585 2457 663 2528 Deo
680 2456 890 2529 immediate
910 2480 1084 2528 concessa
1101 2469 1170 2547 est,

124 2567 241 2662 utqui
254 2567 321 2639 soli
337 2566 507 2640 dicantur
521 2568 736 2663 simpliciter
747 2570 824 2640 Dei
834 2569 970 2666 gratia
989 2569 1121 2642 docere
1133 2581 1171 2642 et

123 2679 318 2775 imperare.
357 2681 529 2753 Minister
546 2692 667 2753 autern
687 2681 844 2754 docendi
861 2694 1082 2777 potestatem
1101 2683 1169 2754 im-

123 2793 285 2866 mediate
297 2819 319 2866 a
330 2818 472 2866 summa
485 2805 680 2889 potestate,
695 2819 903 2890 quanquam
922 2796 1033 2867 etiarn
1052 2797 1167 2869 medi-

122 2926 185 2983 ate
202 2936 225 2984 a
242 2913 333 3000 Deo,
352 2913 496 3007 accipit.
551 2914 679 3008 ltaque
691 2924 912 3007 potestatem
923 2913 1034 2985 habet
1052 2938 1166 3005 suam,

122 3026 201 3097 Dei
219 3035 257 3097 et
275 3027 382 3124 regis
396 3027 545 3123 gratia,
563 3026 620 3099 vel
634 3026 877 3123 procidentia
897 3026 1023 3098 divina
1049 3036 1086 3099 et
1104 3053 1165 3100 co-

121 3137 271 3210 luntatc
289 3139 397 3237 regis
415 3138 475 3211 cel
492 3139 672 3211 civitatis.

174 3252 269 3324 Item
288 3251 351 3340 illi,
366 3252 498 3346 quibus
523 3252 733 3347 jurisdictio
759 3277 781 3324 a
804 3252 954 3324 civitate
985 3252 1073 3325 data
1099 3266 1166 3341 cst,

120 3364 161 3438 id
179 3376 246 3453 est,
264 3376 427 3460 potestas
442 3391 569 3438 causas
583 3366 841 3461 cognoscendi,
860 3366 1018 3438 ministri
1029 3367 1166 3460 publici

121 3490 220 3551 sunt.
271 3478 469 3552 Personam
498 3481 595 3551 enim
619 3504 799 3552 summam
816 3480 986 3553 habentis
1004 3492 1167 3575 potesta-

122 3608 212 3682 tem,
226 3594 264 3666 in
276 3593 520 3667 tribunalibus
533 3594 606 3665 suis
625 3592 807 3679 sedentes,
824 3604 1111 3689 repraesentant;
1130 3604 1168 3665 et

121 3708 314 3780 sentcntiae
342 3730 469 3779 eorum
501 3707 693 3778 sententiae
722 3719 809 3777 sunt
837 3706 1011 3793 civitatis
1031 3704 1069 3776 id
1100 3715 1166 3785 est,

121 3843 302 3892 summam
320 3821 488 3893 habentis
506 3821 544 3892 in
559 3821 706 3893 civitate
717 3831 949 3916 potestatem,
962 3818 1021 3890 cui
1040 3841 1166 3889 causas

120 3934 369 4029 cognoscendi
383 3936 443 4030 jus
455 3933 641 4006 adhaerere
653 3957 764 4028 supra
774 3945 963 4005 ostensum
974 3943 1042 4003 cst.
1072 3931 1167 4002 Sunt

121 4070 210 4143 ergo
228 4047 388 4120 ministri
404 4047 553 4142 publici.
582 4047 767 4128 Quoniam
777 4057 901 4117 autem
916 4044 1057 4140 judicia
1075 4043 1165 4115 duo-

121 4182 203 4232 rum
230 4183 409 4256 generum
437 4171 535 4247 sunt,
554 4159 644 4231 facti
661 4171 699 4232 et
713 4159 827 4254 juris3
855 4171 931 4230 tam
949 4156 1038 4230 facti
1056 4181 1166 4251 quam

117 4272 212 4367 juris
225 4272 341 4369 judex
356 4272 521 4344 minister
535 4272 703 4368 publicus
722 4283 789 4345 cst.

172 4386 293 4459 Etiam
311 4385 468 4458 ministri
485 4385 623 4482 publici
647 4385 700 4459 illi
719 4397 816 4471 sunt,
836 4385 966 4479 quihus
984 4407 1006 4455 a
1024 4406 1167 4455 summa
