2926 4980
312 361 384 429 354
553 375 608 429 nn
627 375 821 429 crvrrurn
841 375 1109 429 cnnrsrmrru.

122 576 201 627 cup,
215 576 286 628 m,
312 539 541 616 versionem?
593 539 665 614 Sed
692 540 803 629 Deus,
821 542 885 638 qui
909 541 1024 631 illum,
1041 551 1196 639 propter
1221 539 1357 615 reduc·

117 658 280 765 Md·
312 655 451 729 tionem
468 652 668 726 electorum
686 653 733 726 ad
751 655 996 729 obedientiam
1018 679 1121 728 suam
1145 655 1357 751 pristinam,

116 788 257 830 numm
313 768 360 841 ad
373 766 591 841 sacrificium
605 765 863 852 destinaverat,
881 767 929 840 ad
941 791 1026 841 eum
1037 769 1149 841 finem
1161 767 1308 841 malitia
1319 778 1359 841 et

117 851 256 896 ‘mm
311 880 577 978 ingratitudine
591 880 781 954 hominum
797 881 999 955 infidelium
1016 906 1102 955 usus
1121 893 1187 955 est.
1242 878 1358 955 Quod

312 1008 437 1071 autem
452 994 552 1091 leges
570 993 722 1067 Caesaris
739 1019 814 1068 non
834 994 993 1085 violavit,
1012 996 1051 1068 in
1069 994 1235 1069 confesso
1263 1003 1356 1067 erat

314 1110 535 1204 Quanquam
551 1108 650 1180 enim
667 1109 816 1198 Pilatus,
834 1121 875 1182 ut
891 1110 1050 1206 gratiam
1075 1110 1184 1183 iniret
1206 1106 1356 1183 Judoeo

314 1247 407 1306 rum,
435 1221 723 1318 crucifigendum
748 1223 851 1296 illum
877 1222 1093 1306 tradiderit;
1120 1232 1205 1296 aute
1224 1234 1355 1295 tamen

314 1336 499 1409 insontem
516 1334 618 1407 illum
633 1335 756 1432 palam
771 1337 1037 1433 pronuntiavit.

366 1447 477 1522 Quod
494 1448 628 1521 attinet
644 1448 692 1521 ad
712 1450 871 1522 officium
898 1451 977 1546 ejus
995 1449 1148 1546 regium,
1167 1457 1359 1521 ostensum

314 1573 401 1634 ante
427 1573 483 1634 est
508 1584 662 1657 regnum
688 1563 766 1657 ejus
791 1562 1025 1659 incepturum
1050 1584 1126 1634 non
1159 1583 1238 1633 esse
1269 1571 1358 1633 ante

314 1675 411 1748 diem
432 1674 573 1770 judicii.
624 1675 729 1748 Tunc
754 1699 841 1749 vero
867 1699 933 1749 rex
959 1675 1041 1764 erit,
1058 1697 1134 1746 non
1151 1682 1300 1746 tantum
1316 1682 1360 1745 ut

315 1788 426 1876 Deus,
446 1787 510 1860 sed
534 1786 647 1860 etiam
663 1800 706 1861 ut
723 1788 846 1877 homo,
864 1789 1001 1861 virtute
1025 1786 1126 1883 pacti
1150 1785 1239 1859 novi
1259 1783 1360 1881 quod

316 1901 354 1974 in
372 1900 553 1996 baptismo
576 1899 716 1973 factum
738 1911 813 1982 est;
849 1911 888 1972 et
902 1911 1100 1996 propterea
1117 1898 1208 1972 dicit
1225 1899 1358 1971 Serva-

317 2025 377 2088 tor
388 2025 524 2104 noster,
536 2012 684 2103 (Matth.
696 2013 769 2085 xix.
785 2015 860 2106 28),
875 2012 974 2108 quod
987 2010 1144 2109 apostoli
1160 2011 1239 2106 ejus
1257 2010 1361 2084 sede-

316 2128 410 2201 bunt
432 2149 541 2223 super
567 2125 760 2199 duodecim
786 2125 951 2216 thronos,
969 2137 1008 2198 et
1023 2124 1244 2222 judicabunt
1266 2123 1360 2197 duo·

318 2240 438 2314 decim
455 2239 573 2312 tribus
591 2238 749 2328 Israelis,
766 2251 856 2312 tunc
874 2264 954 2312 eum
972 2238 1094 2311 Filius
1118 2236 1276 2310 hominis
1300 2261 1361 2310 se·

318 2352 421 2427 dedit
447 2352 484 2426 iu
511 2353 642 2425 throno
665 2352 804 2452 glorier
829 2377 904 2426 sue
916 2380 931 2437 ‚·
959 2364 997 2426 et
1013 2351 1163 2444 (Matth.
1191 2350 1265 2424 xvi.
1284 2353 1360 2445 27),

318 2466 440 2539 Filius
454 2464 608 2538 dominis
625 2467 746 2540 oeuiet
759 2467 797 2538 iu
809 2466 941 2565 gloria
956 2465 1090 2538 Patris
1107 2465 1178 2553 sui,
1197 2487 1279 2536 cum
1296 2487 1363 2536 uu·

316 2580 436 2680 gelis3
455 2587 492 2651 et
511 2587 597 2650 tuuc
613 2577 798 2651 retribuet
810 2578 1007 2676 uuicuique
1023 2577 1223 2651 secuudum
1241 2600 1361 2674 opera

317 2718 399 2765 suo.
451 2691 555 2765 Idem
572 2689 727 2788 legimus
745 2691 862 2764 Marc.
880 2691 957 2763 xiii.
977 2698 1024 2764 26
1039 2723 1049 2774 ;
1075 2702 1114 2762 et
1131 2689 1203 2762 xiv.
1223 2697 1271 2761 62
1289 2718 1298 2760 :
1323 2701 1363 2762 et

321 2804 528 2901 expressius
540 2805 628 2876 Luc.
642 2804 729 2876 xxii.
744 2812 804 2894 29,
823 2811 891 2877 30:
911 2804 967 2876 Et
980 2827 1051 2901 ego
1070 2801 1226 2900 dispono
1244 2800 1362 2891 vobim

320 2919 418 2992 sieut
430 2918 617 3016 disposuit
631 2917 719 2990 midi
732 2918 853 2990 Pater
864 2942 975 3006 uisus,
992 2941 1160 3014 reguum,
1175 2925 1217 2988 ut
1235 2914 1362 2987 edatis

321 3042 358 3105 et
386 3030 523 3105 bibatis
545 3054 660 3129 super
684 3054 844 3103 mensum
869 3055 986 3102 meam
1007 3030 1045 3101 iu
1068 3052 1187 3126 regno
1211 3051 1301 3114 meo,
1324 3036 1364 3100 et

321 3145 489 3218 sedeatis
505 3167 621 3243 super
645 3143 810 3232 thronos,
832 3144 1054 3238 judicantes
1073 3140 1266 3214 duodecim
1291 3139 1362 3212 tri·

322 3258 387 3331 drus
407 3256 582 3330 Israelis.
613 3256 721 3330 Unde
738 3257 972 3329 manifestum
991 3267 1059 3343 est,
1077 3277 1246 3350 regnum,
1264 3252 1364 3348 quod

323 3370 469 3444 Christo
484 3370 663 3466 disposuit
672 3371 792 3458 Pater,
806 3395 880 3444 non
893 3370 1058 3443 futurum
1073 3391 1152 3441 esse
1166 3377 1364 3462 antequam

323 3485 434 3557 Filius
460 3484 619 3557 hominis
643 3484 767 3558 veniat
793 3485 832 3556 in
854 3484 983 3581 gloria,
1001 3481 1257 3579 apostolosque
1278 3503 1364 3553 suos

320 3589 486 3682 judicare
502 3599 614 3674 saciat
631 3600 825 3673 duodecim
841 3600 958 3672 tribus
976 3598 1131 3671 Israelis.
1173 3597 1246 3670 Sed
1265 3619 1365 3692 quae-

324 3716 356 3788 ri
384 3715 444 3788 hic
473 3727 608 3811 potest,
626 3739 709 3787 cum
736 3715 775 3787 in
803 3738 917 3810 regno
946 3713 1086 3786 coelesti
1113 3710 1215 3783 nulla
1240 3708 1366 3783 futura

325 3829 399 3902 sint
418 3828 663 3912 matrimonia,
680 3840 804 3900 utrum
827 3826 994 3900 homines
1019 3825 1132 3897 edent
1155 3833 1194 3894 et
1215 3821 1365 3906 bibent;

325 3942 471 4037 etquid
488 3964 554 4037 per
571 3939 682 4012 edere
700 3952 737 4013 et
754 3939 881 4013 didere
898 3939 968 4012 hoc
985 3939 1067 4012 loco
1085 3934 1367 4032 intelligendum

327 4068 395 4128 est.
446 4053 615 4149 Explicat
640 4052 710 4125 hoc
737 4053 911 4126 Servator
936 4062 1059 4124 noster
1089 4049 1188 4142 (soh.
1206 4048 1255 4120 vi.
1274 4049 1366 4141 27);

331 4166 549 4265 Operumiui
565 4190 636 4239 nou
654 4164 772 4238 cibum
789 4167 854 4264 qui
877 4165 992 4263 perit,
1006 4163 1077 4237 sed
1087 4162 1152 4260 qui
1163 4168 1368 4259 permanet

328 4280 366 4351 iu
380 4280 494 4352 uitam
507 4288 696 4364 eternam,
706 4303 813 4375 quem
823 4277 944 4353 Filius
961 4276 1117 4351 hominis
1134 4273 1242 4349 dabir
1254 4272 1368 4346 volu.
