2926 4980
520 319 574 370 nn
595 319 776 371 nostrus.
1122 300 1170 366 89

119 486 213 558 ralis
231 484 354 558 cultus
370 485 463 558 alios
480 508 591 582 quam
615 510 706 582 quos
727 485 804 559 dixi
821 509 895 558 non
912 485 1089 580 suggerit,
1107 483 1172 556 sed
1208 515 1285 564 cip,
1297 515 1335 565 x1

121 597 302 695 quicquid
329 598 431 672 ultra
464 611 531 689 est,
565 601 707 695 legibus
740 599 915 696 relinquit
945 598 1171 694 singularum
1199 597 1336 717 ὦ

122 713 331 785 civitatum.

176 827 380 915 Postremo,
399 827 499 923 quod
524 826 573 899 ad
596 825 744 899 modum
770 827 916 915 attinet,
935 850 1007 923 quo
1025 824 1174 922 agentia

124 939 208 1012 baec
230 939 428 1012 invisibilia
452 940 660 1012 hominibus
686 940 887 1035 praeterita,
910 940 1047 1029 futura,
1070 961 1174 1034 pros-

125 1076 217 1149 pera
226 1063 264 1125 et
276 1051 432 1125 adversa
445 1052 622 1140 indicant,
633 1063 766 1125 natura
775 1052 868 1125 nihil
880 1051 1007 1125 dictat.
1043 1052 1175 1147 ltaque

125 1167 253 1239 futura
275 1191 321 1238 ex
341 1166 538 1260 praeteritis
562 1166 812 1263 conjicientes
831 1165 948 1238 simile
966 1167 1057 1261 ejus,
1076 1163 1176 1260 quod

130 1280 301 1352 effectum
328 1278 487 1375 aliquem
515 1278 706 1375 aliquoties
733 1279 943 1367 antevertit,
970 1302 1038 1375 pro
1063 1301 1176 1373 prog-

130 1392 272 1466 nostico
290 1393 430 1465 habeut
447 1392 600 1465 effeetus
618 1391 745 1464 similis
763 1391 970 1488 sequuturi.

180 1506 223 1577 ln
254 1504 464 1577 bisantem
495 1516 654 1599 quatuor
684 1506 806 1594 rebuS,
832 1515 936 1577 metu
967 1502 1176 1599 spirituum,

130 1618 342 1715 ignorantia
355 1642 549 1690 causarum
566 1618 822 1706 secundarum,
837 1618 940 1690 cultu
953 1641 1081 1690 eorum
1095 1640 1177 1711 quae

130 1732 274 1820 timent,
292 1743 331 1803 et
348 1732 555 1827 sumptione
575 1732 811 1804 fortuitorum
834 1755 901 1828 pro
919 1730 1177 1827 prognosticis,

130 1844 300 1918 consistit
315 1844 503 1939 religionis
521 1868 644 1917 semen
662 1843 841 1932 naturale,
860 1844 961 1940 quod
977 1867 1044 1939 per
1058 1843 1178 1916 homi-

129 1981 220 2030 num
228 1955 806 2053 phantasias‚judicia,passiones
818 1969 856 2029 et
866 1955 1177 2044 consiliadiversa,

130 2070 222 2144 adeo
241 2069 404 2143 diversas
420 2068 595 2164 produxit
620 2069 855 2159 ceremoniae,
873 2083 917 2143 ut
940 2093 1023 2165 quae
1040 2069 1121 2166 lege
1139 2070 1178 2143 in

130 2207 203 2256 una
221 2183 372 2256 civitate
389 2183 687 2278 comprobantur,
704 2184 743 2255 in
760 2182 832 2256 alia
849 2182 1096 2255 derideantur.

181 2295 331 2368 Semina
344 2307 467 2367 autem
484 2294 563 2366 haec
580 2320 603 2366 a
620 2294 763 2368 duobus
776 2295 967 2368 hominum
980 2294 1179 2391 generibus

133 2409 314 2482 culturam
344 2421 457 2481 nacta
483 2420 581 2479 sunt.
634 2408 796 2481 Primum
819 2432 935 2505 genus
957 2420 1013 2480 est
1038 2431 1177 2497 eorum,

134 2523 196 2620 qui
212 2521 416 2595 secundum
438 2545 522 2593 suas
545 2521 709 2617 ipsorum
725 2522 938 2617 phantasias
957 2520 1177 2616 religionum

134 2637 306 2709 authores
341 2634 552 2707 extiterunt.
605 2633 773 2707 Alterum
800 2658 940 2723 eorum,
971 2634 1102 2730 quibus
1132 2634 1179 2707 ab

136 2750 212 2846 ipso
227 2750 307 2821 Deo
320 2759 508 2844 praecepta
520 2760 558 2820 et
569 2748 785 2845 praescripta
802 2748 931 2839 religio
949 2748 1028 2821 fuit.
1067 2749 1180 2821 Utro-

135 2887 290 2960 rumque
316 2875 441 2935 autem
471 2862 664 2935 consilium
694 2875 774 2935 erat
800 2863 966 2935 initiatos
997 2885 1081 2934 suos
1109 2862 1178 2934 sibi

136 2976 290 3049 reddere
315 2975 597 3049 obedientiores.
650 2975 801 3049 Illorum
826 2975 956 3072 religio
978 3000 1064 3072 pars
1087 2975 1179 3072 poli-

136 3089 237 3172 ticae;
263 3088 396 3160 horum
406 3088 556 3183 politica
567 3112 653 3183 pars
666 3088 855 3184 religionis
868 3099 935 3179 est,
947 3101 985 3162 et
995 3101 1180 3185 praecepta

137 3202 314 3290 continet,
341 3202 466 3298 qualia
490 3202 560 3274 illis
586 3203 809 3276 conveniunt
836 3203 964 3298 quiin
990 3203 1179 3276 civitatem

139 3315 208 3387 Dei
222 3314 478 3387 admitttmtnr.
508 3315 658 3388 Illorum
671 3316 1180 3412 religionesalegislatoribus

139 3429 315 3524 gentium,
340 3429 475 3501 horum
505 3428 634 3525 religio
665 3431 710 3502 ab
741 3430 964 3518 Abrahamo,
994 3430 1112 3518 Mose,
1143 3440 1181 3502 et

139 3543 225 3615 Jesu
242 3541 402 3632 Christo,
420 3542 483 3636 qui
506 3542 609 3637 regni
631 3541 804 3615 caelorum
828 3542 928 3637 leges
953 3565 1020 3614 nos
1044 3541 1180 3615 docue-

140 3667 237 3744 runt,
255 3655 427 3728 instituta
443 3667 511 3728 est.

189 3768 299 3843 Quod
321 3769 369 3842 ad
395 3769 581 3866 agentium
609 3768 844 3841 invisibilium
865 3769 1015 3842 nomina
1031 3767 1179 3856 attinet,

141 3881 230 3954 nihil
255 3894 324 3971 est,
342 3881 372 3953 si
390 3882 500 3955 modo
525 3904 659 3953 nomen
679 3883 825 3970 habeat,
844 3880 943 3978 quod
960 3882 1006 3953 ab
1025 3881 1180 3954 ethnicis

141 3993 321 4088 aliquibus
347 4018 414 4090 pro
442 3994 511 4068 deo
537 4007 602 4066 aut
627 3993 795 4068 daemone
817 3995 985 4068 habitum
1008 4018 1083 4067 uon
1110 3994 1178 4077 sit;

142 4131 259 4203 neque
285 4130 343 4180 res
370 4120 434 4180 aut
458 4108 573 4196 locus,
600 4131 709 4202 quem
736 4133 812 4180 non
836 4109 882 4180 ab
907 4107 1029 4202 aliquo
1049 4107 1179 4203 spiritu

142 4221 353 4310 animatum,
389 4221 607 4310 habitatum,
643 4221 718 4294 sive
753 4233 972 4317 occupatum
1005 4221 1180 4294 finxerint

142 4333 263 4429 aliqui.
