2926 4980
337 382 555 435 arrunorx
573 383 628 435 su
649 382 906 436 ruvinosum.
1064 369 1145 436 -523

102 551 294 647 defracto
322 550 474 624 arboria
502 550 731 648 cognitionis
749 550 890 624 boniet
915 547 1018 640 moli,
1035 548 1147 622 mori·
1205 581 1320 631 cnm,

100 664 195 737 eodo
222 663 407 736 morieris.
470 663 649 737 Diabolus
677 674 801 736 autem
826 664 875 738 ad
902 664 1018 737 Evam
1038 662 1146 752 dixit,
1184 662 1332 778 ὦ

46 788 47 791 ’
104 776 215 869 (Gen.
234 778 286 850 iii.
302 781 361 870 5):
390 777 645 851 “Prohibetur
667 777 772 851 vobis
795 801 844 850 ne
873 775 1075 850 comedatis
1101 775 1146 848 de
1184 786 1276 831 Nicone

100 889 225 963 fructu
235 890 376 963 arboris
387 891 608 986 cognitionis
621 890 710 964 boni
724 902 762 964 et
775 891 872 980 mali,
886 915 933 963 ne
944 890 1041 964 fiatis
1052 890 1148 964 sicut

102 1002 187 1076 dii.''
214 1004 334 1076 Ambo
352 1015 478 1076 autem
495 1004 659 1076 Adamus
673 1019 710 1076 ct
726 1004 805 1076 Eva
818 1003 1018 1078 ambitione
1032 1003 1147 1092 ducti,

102 1118 264 1213 serpenti
288 1116 537 1206 crediderunt,
562 1115 642 1189 Deo
668 1140 745 1189 non
771 1115 1018 1205 crediderunt,
1045 1116 1148 1190 etde

102 1230 227 1304 fructu
243 1231 359 1304 vetito
378 1229 639 1303 comederunt:
666 1228 791 1325 itaque
823 1229 923 1303 Deus
948 1242 1148 1326 utrumque

102 1369 126 1416 a
143 1343 316 1417 Paradiso
334 1343 485 1439 expulit,
502 1366 548 1415 ne
565 1364 717 1414 manum
734 1342 782 1414 ad
799 1343 968 1415 arborem
984 1342 1070 1415 vitae
1087 1367 1148 1416 ex·

103 1457 310 1545 tenderent,
329 1468 367 1528 et
383 1456 550 1529 viverent
567 1455 607 1528 in
623 1466 815 1529 aeteruum.

154 1572 190 1643 Α
195 1627 203 1642 .
230 1569 404 1665 Intelligo
421 1569 508 1643 hinc
527 1567 711 1642 Adamum
729 1592 775 1642 ex
793 1593 858 1643 esu
872 1569 1017 1643 fructus
1040 1570 1148 1642 arbo·

104 1683 154 1756 ris
171 1684 258 1756 vitae
275 1683 398 1756 vivere
415 1682 578 1778 potuisse
597 1684 635 1755 iu
653 1693 844 1771 aeternum,
859 1708 902 1757 ac
918 1683 1031 1757 fuisse
1049 1707 1149 1756 crea·

104 1807 195 1885 tum,
230 1820 307 1868 non
341 1820 407 1868 sua
449 1808 592 1883 natura,
625 1793 689 1868 sed
723 1796 979 1869 tanmmmodo
1011 1797 1148 1870 virtute

104 1909 246 1982 arboris
271 1910 370 1997 vitae,
397 1908 669 1981 immortalem:
695 1920 887 2004 praeterea,
905 1933 1053 2006 poenam
1071 1910 1148 1983 vio·

103 2021 169 2095 lati
187 2022 363 2117 praecepti
381 2021 494 2093 divini
524 2019 668 2094 Adamo
685 2021 865 2095 inflictam
881 2021 993 2095 fuisse
1010 2036 1148 2096 morta

103 2135 259 2224 litatem,
283 2158 365 2228 quae
390 2133 595 2206 necessario
613 2135 908 2229 consequebatur
924 2135 970 2206 ab
988 2158 1032 2208 eo
1050 2135 1148 2233 quod

104 2247 196 2321 illud
223 2246 436 2343 perdiderit,
454 2246 532 2318 siue
560 2270 634 2341 quo
663 2246 787 2319 vivere
813 2246 852 2320 in
878 2259 1057 2320 aetemum
1074 2272 1148 2321 nou

104 2360 237 2455 potuit.
266 2360 358 2432 Haec
381 2359 578 2432 manifesta
593 2359 712 2432 inesse
728 2358 768 2432 in
785 2382 890 2434 sacro
907 2370 1013 2434 textu
1028 2360 1148 2434 rideo.

107 2471 181 2544 Sed
207 2497 282 2545 non
310 2472 429 2558 videa,
460 2496 573 2569 quare
603 2472 779 2562 AdamuS,
808 2473 1010 2547 secundum
1038 2474 1151 2547 verba

107 2585 400 2658 comminationis
431 2584 577 2676 divinae,
603 2609 681 2659 non
706 2587 834 2660 statim
862 2610 906 2660 ac
933 2587 1151 2661 comedisset

107 2709 274 2772 mortuus
292 2699 352 2787 sit,
367 2699 433 2772 sed
448 2699 543 2771 vixit
559 2699 755 2795 plusquam
771 2711 978 2796 nongentos
996 2723 1124 2775 annos

157 2813 206 2885 B.
233 2813 333 2886 Deus
350 2836 425 2884 uon
442 2812 535 2885 dixit
553 2812 768 2909 simpliciter
784 2813 970 2903 morieris,
988 2814 1054 2888 sed
1076 2838 1150 2886 rno-

107 2925 240 2999 riendo
258 2924 443 3011 morieris,
461 2925 500 2998 id
527 2936 595 3016 est,
614 2950 699 3000 cum
723 2926 892 3000 morieris
915 2927 1094 3017 morieris,
1113 2927 1153 3000 id

109 3050 177 3126 est,
195 3063 269 3111 non
288 3038 494 3127 revivisces,
514 3038 580 3112 sed
596 3051 764 3112 mortuus
777 3052 956 3137 perpetuo
974 3040 1060 3113 eris.
1089 3040 1151 3114 Sic

107 3150 267 3247 explicat
291 3150 415 3224 locum
439 3150 675 3242 Athanasius
700 3164 739 3227 et
755 3164 883 3238 recte;
910 3176 995 3226 nam
1014 3153 1152 3227 idioma

109 3276 165 3338 est
183 3266 437 3339 Hebraeorum.
489 3265 546 3337 Ex
563 3289 636 3361 quo
660 3265 880 3362 intelligitur
896 3267 1152 3340 comminatio-

109 3403 194 3451 nem
212 3378 312 3450 illam
337 3377 524 3473 pertinere
542 3378 655 3451 etiam
672 3379 721 3452 ad
737 3379 871 3452 Adami
887 3379 1152 3476 posteritatem,

109 3491 148 3565 id
166 3503 234 3581 est,
252 3489 300 3563 ad
325 3513 440 3585 genus
470 3489 684 3563 humanum.
736 3492 860 3588 Atque
875 3492 963 3565 hinc
980 3505 1036 3566 est
1053 3494 1154 3590 quod

111 3605 201 3679 dicit
218 3603 403 3700 apostolus
421 3603 554 3677 Paulus
575 3604 699 3697 (Rom.
718 3629 752 3678 v.
773 3608 842 3700 12),
854 3630 931 3704 per
952 3616 1153 3704 peccatam

111 3717 219 3790 onias
232 3714 387 3789 hominia
405 3740 504 3787 moro
522 3716 681 3791 introvit
698 3718 737 3790 io
759 3719 953 3803 mundum
979 3721 1079 3794 uude
1097 3745 1153 3795 se-

111 3831 237 3927 quitur
260 3854 337 3903 non
362 3828 473 3902 modo
501 3843 655 3906 caeteros
679 3831 859 3921 homines,
883 3855 1010 3905 verum
1042 3835 1153 3907 etiam

112 3946 296 4018 Adamum
324 3944 445 4040 ipsum
474 3945 729 4020 necessitatem
755 3946 927 4019 habuisse
942 3947 1073 4021 utendi
1088 3949 1153 4021 be-

111 4059 243 4132 neficio
260 4057 390 4131 mortis
400 4057 422 4130 J
425 4081 489 4130 esu
503 4057 642 4133 Christi
655 4060 828 4134 advitam
842 4070 1029 4151 aeternam,
1043 4085 1154 4158 quam

111 4171 322 4269 perdiderat
339 4194 405 4245 sua
421 4170 539 4267 culpa.

163 4286 212 4358 A.
241 4283 342 4358 Quid
359 4282 437 4356 ita?
