2926 4980
130 985 327 1037 cccxxvii.

146 1125 180 1169 Dc
190 1125 284 1169 crimini.

144 1190 193 1241 bur,
202 1203 291 1234 acore

145 1255 248 1307 tionibus,
256 1260 278 1298 el
287 1268 322 1298 ex-

144 1320 313 1365 oeumtiom'bus

726 353 780 405 DE
800 352 1004 406 clviuuru.

689 680 849 756 CAPUT
872 681 1030 755 XXVII.

342 853 389 905 DE
404 854 624 922 comminuo,
640 854 957 918 EXCUSATIONIBUS,
972 855 1017 905 Er
1030 854 1374 907 uxrunuuulonmus.

342 970 390 1043 ΙΝ
413 968 700 1065 transgressione
716 968 807 1064 legis
824 992 899 1041 non
923 968 1032 1041 modo
1052 980 1243 1065 peccatum
1270 970 1375 1060 inest,

341 1083 407 1156 sed
417 1084 527 1157 etiam
536 1081 753 1178 legislatoris
764 1081 989 1179 contemptio
1002 1082 1140 1177 aliqua;
1159 1107 1242 1179 quae
1252 1083 1375 1180 legum

342 1199 419 1293 ejus
446 1196 554 1268 simul
582 1195 744 1267 omnium
773 1194 889 1266 instar
915 1194 1121 1268 violationis
1149 1196 1275 1269 habita
1306 1210 1375 1270 est.

341 1311 535 1383 Peccatum
547 1332 633 1404 ergo
647 1319 714 1396 est,
726 1332 802 1381 non
818 1308 936 1380 solum
949 1308 1047 1404 quod
1059 1309 1210 1399 factum,
1222 1311 1373 1400 dictum,

339 1433 404 1497 aut
432 1423 641 1519 neglectum
671 1432 726 1495 est
752 1435 883 1495 contra
910 1421 1041 1518 legem,
1069 1422 1270 1497 sedetiam
1298 1425 1377 1520 ipsa

339 1535 635 1632 transgrediendi
654 1535 811 1608 intentio
843 1534 918 1607 sive
941 1536 1183 1630 propositum.
1236 1536 1375 1631 Siquis

339 1659 463 1722 tamen
481 1650 590 1737 bona,
601 1672 735 1737 servos,
748 1672 899 1720 uxorem
912 1647 1039 1722 videns
1052 1650 1210 1745 proximi
1222 1651 1290 1738 sui,
1303 1649 1376 1723 frui

339 1763 410 1836 illis
444 1788 528 1836 cum
563 1762 805 1836 delectatione
834 1762 1055 1858 imaginatus
1088 1775 1232 1837 tantum
1264 1764 1377 1837 fuerit

339 1877 477 1973 absque
494 1876 594 1949 omni
611 1875 813 1948 intentione
825 1875 884 1948 vel
897 1876 1049 1950 consilio
1059 1900 1125 1973 per
1136 1877 1302 1951 fraudem
1312 1891 1377 1951 aut

339 1990 415 2063 vim
431 2013 476 2063 ea
497 1987 713 2084 occupandi,
730 1999 922 2084 peccatum
945 2013 1020 2063 non
1042 2000 1110 2079 θεῖ,
1137 2014 1256 2088 neque
1281 2015 1376 2087 prae-

341 2105 451 2201 cepti,
468 2127 540 2177 noo
563 2101 813 2199 concupisces,
831 2101 992 2176 violatio.
1044 2103 1173 2200 Neque
1195 2104 1375 2201 voluptas,

341 2241 451 2314 quam
468 2216 549 2312 quis
566 2215 701 2288 habere
711 2224 833 2311 potest
847 2215 935 2287 dum
946 2215 1096 2304 inimici,
1108 2240 1214 2312 aquo
1231 2218 1376 2291 vivente

340 2331 433 2404 nihil
459 2339 630 2425 expectat
655 2327 725 2400 uisi
743 2327 890 2417 malum,
908 2339 1063 2401 mortem
1079 2329 1302 2425 imaginatur
1318 2330 1376 2403 vel

341 2443 511 2531 somniat,
523 2441 632 2514 modo
642 2441 734 2514 nihil
745 2453 874 2515 contra
884 2441 985 2514 illum
994 2442 1177 2532 moliatur,
1183 2455 1376 2539 peccatum

342 2566 408 2630 est.
460 2555 556 2628 Nam
570 2554 725 2651 jucundi
739 2555 850 2627 etiam
867 2554 1125 2650 imaginatione
1139 2555 1313 2628 delectari
1325 2557 1376 2629 ita

340 2669 481 2742 homiui
509 2668 677 2741 naturale
696 2681 775 2757 est,
802 2680 845 2740 ut
874 2667 944 2757 lex,
975 2691 1058 2763 quae
1087 2666 1125 2739 id
1154 2670 1375 2764 prohiberet,

341 2784 452 2857 etiam
469 2782 655 2855 hominem
677 2804 756 2854 esse
773 2781 995 2876 prohiberet.
1047 2780 1236 2854 Sententia
1265 2783 1377 2878 igitur

342 2920 480 2985 eorum,
499 2896 562 2991 qui
579 2905 700 2968 motus
714 2893 825 2967 animi
841 2894 978 2989 primos
996 2904 1148 2990 peccata
1164 2918 1241 2968 esse
1262 2896 1376 2986 aiunt,

342 3020 422 3083 tum
451 3009 531 3082 aliis
558 3017 637 3080 tum
666 3007 810 3079 sibimet
835 3006 922 3101 ipsis
950 3007 1102 3080 nimium
1133 3031 1259 3080 severa
1286 3009 1377 3082 mihi

342 3122 499 3195 videtur.
551 3122 728 3216 Magnum
745 3120 842 3192 enim
868 3129 934 3207 est,
952 3121 983 3192 si
1000 3121 1109 3193 homo
1128 3121 1285 3195 existens
1302 3147 1377 3196 ma·

342 3236 419 3309 lum
434 3236 566 3324 facere,
585 3258 658 3330 quo
671 3234 884 3323 delectatur,
898 3233 1103 3328 nequidem
1114 3234 1213 3307 velit.
1265 3236 1377 3309 Aliud

343 3349 441 3421 enim
459 3358 515 3422 est
532 3347 792 3443 imaginantem
810 3347 995 3435 delectari,
1008 3346 1108 3420 aliud
1119 3347 1222 3420 velle.

394 3460 541 3533 Crimen
567 3483 675 3533 omne
691 3473 884 3556 peccatum
901 3459 1046 3555 quidem
1064 3470 1140 3542 est;
1166 3471 1208 3532 ut
1226 3485 1309 3556 quae
1328 3461 1377 3535 sit

343 3574 434 3670 legis
455 3574 608 3669 alicujus
637 3573 798 3646 violatio.
850 3573 935 3645 Nou
953 3585 1076 3645 autem
1093 3571 1251 3645 vicissim
1268 3598 1376 3648 omne

343 3697 539 3783 peccatum
561 3685 700 3759 crimen
727 3696 793 3759 est.
849 3685 951 3758 Velle
978 3685 1144 3758 occidere
1169 3686 1376 3777 celloran,

344 3812 536 3896 peccatum
555 3809 622 3888 est,
651 3799 792 3872 etiamsi
808 3823 926 3895 neque
942 3798 1039 3873 facto
1057 3822 1175 3894 neque
1193 3799 1293 3873 dicto
1313 3824 1377 3873 vo-

343 3914 466 3987 luntas
483 3912 675 3985 occidendi
690 3915 750 3986 vel
764 3913 911 3987 iuuandi
927 3915 1088 4009 patefiat.
1142 3913 1237 3986 Nam
1251 3938 1273 3985 a
1285 3915 1376 4004 Deo,

344 4028 406 4123 qui
429 4026 581 4099 consilia
603 4026 792 4100 hominum
815 4029 988 4116 intuetur,
1006 4050 1088 4099 reus
1105 4028 1179 4100 fiet.
1232 4026 1305 4099 Sed
1330 4028 1376 4100 ab

344 4140 552 4213 hominibus
579 4140 770 4213 consilinm
795 4140 965 4228 hominia,
982 4162 1100 4234 neque
1126 4139 1227 4212 dicto
1258 4164 1376 4235 neque

344 4251 443 4326 facto
461 4253 662 4350 cognitum,
676 4255 840 4329 accusari
856 4278 931 4328 non
952 4263 1086 4350 potest.
1138 4253 1267 4351 Neque
1287 4277 1375 4350 ergo
