2926 4980
345 339 417 405 4⁶26
592 354 645 407 os
660 355 854 408 crvrrars
875 353 1141 408 cnarsrrnnn.

150 551 320 603 cipum.
346 519 558 615 proceribus
583 520 710 594 Galliae
736 533 866 594 contra
892 544 1015 616 regem
1033 544 1160 594 eorum
1177 520 1389 593 Henrieum

161 638 307 749 M
346 632 508 705 tertium.
549 634 687 708 Paucos
698 647 787 732 puto
806 659 884 708 esse
901 635 1096 731 principes,
1115 634 1177 729 qui
1194 633 1339 729 injusta
1350 647 1390 709 et

159 756 311 803 armaret
347 746 580 821 incommoda
605 749 684 822 baec
702 773 781 822 esse
799 773 872 821 non
891 750 1074 831 sentiant;
1100 746 1165 820 sed
1188 745 1282 819 illud
1310 771 1389 820 non

346 860 492 935 suffieit.
545 862 689 937 Debent
706 864 804 936 enim
818 863 1014 936 decernere
1031 861 1179 935 tandem
1197 884 1246 933 an
1263 882 1388 955 reges,

346 998 393 1047 an
411 975 546 1049 subditi
569 999 648 1050 esse
672 977 798 1051 velint.
863 977 1030 1050 Pluribus
1061 973 1218 1047 dominis
1246 973 1389 1046 servire

345 1089 501 1185 populus
515 1113 588 1162 non
604 1103 739 1187 potest.
792 1089 1063 1165 sublevandum
1076 1112 1164 1184 ergo
1182 1099 1238 1161 est
1250 1111 1273 1159 a
1285 1087 1387 1183 regi-

346 1202 414 1275 bus
440 1203 525 1290 suis,
549 1203 742 1300 imperium
768 1205 807 1277 in
835 1204 1004 1277 manibus
1021 1201 1177 1298 propriis
1195 1200 1387 1296 integrum

346 1315 598 1403 retinentibus
611 1316 669 1389 vel
686 1318 724 1390 in
741 1340 870 1391 manus
886 1318 992 1412 Papae
1004 1316 1189 1411 integrum
1199 1314 1384 1387 tradenti-

345 1427 439 1510 bus;
465 1440 507 1500 ut
522 1427 587 1516 illi,
606 1430 670 1524 qui
687 1430 835 1503 obedire
852 1429 970 1526 parati
995 1439 1092 1515 sunt,
1115 1428 1152 1499 in
1171 1426 1386 1500 obedientia

346 1563 412 1613 sua
437 1550 687 1635 protegantur.
740 1542 936 1616 Distinctio
961 1540 1059 1614 enim
1082 1539 1224 1636 imperii
1242 1549 1385 1638 tempo-

346 1650 445 1725 ralia
462 1663 499 1727 et
515 1653 743 1749 spiritualis,
761 1655 873 1728 verba
897 1678 999 1727 mera
1020 1665 1115 1741 sunt,
1142 1664 1179 1726 et
1206 1652 1386 1726 dividitur

345 1766 538 1861 imperium
555 1790 631 1839 non
656 1768 777 1841 minus
802 1768 1004 1864 periculose
1028 1790 1094 1862 per
1123 1766 1384 1840 admissionem

347 1880 537 1977 potestatis
553 1880 704 1954 alterius
719 1881 925 1968 indirecta,
944 1904 1053 1976 quam
1068 1879 1232 1952 directa.

398 1993 473 2067 Sed
506 1994 691 2069 veniamus
725 1997 803 2091 jam
838 1994 884 2067 ad
913 2006 1129 2089 argumenta
1156 1992 1383 2066 Bellarmini.

348 2106 516 2181 Quorum
545 2107 704 2204 primum
731 2120 810 2189 est;
833 2117 1007 2204 potestas
1031 2105 1155 2179 ciuilis
1179 2104 1384 2200 subjicitur

339 2221 528 2316 potestati
544 2220 766 2319 spirituali:
792 2244 886 2318 ergo
905 2219 939 2292 ia
955 2219 1020 2316 qui
1032 2241 1241 2316 supremam
1250 2229 1384 2315 potes-

347 2342 461 2405 tatem
478 2332 591 2407 trater
615 2334 865 2432 spiritualem,
882 2334 951 2429 jus
976 2331 1088 2405 habet
1115 2332 1327 2428 imperandi
1344 2331 1385 2404 in

338 2446 541 2543 principes
575 2447 813 2545 temporales,
845 2456 882 2519 et
917 2444 1139 2542 disponendi
1173 2444 1219 2517 de
1257 2468 1383 2517 eorum

347 2558 615 2656 temporalibus
633 2560 670 2632 ia
688 2560 819 2633 ordire
845 2559 898 2632 ad
919 2557 1152 2656 spiritualia.
1205 2557 1317 2631 Quod
1335 2558 1384 2632 ad

346 2670 618 2745 distinctionem
639 2672 774 2747 attinet
799 2673 1053 2768 temporalium
1070 2684 1108 2743 et
1125 2671 1383 2767 spiritualium,

346 2784 533 2858 videamus
562 2787 601 2858 in
632 2810 705 2881 quo
735 2811 843 2859 sensu
873 2786 952 2859 fieri
968 2787 1098 2882 possit,
1115 2797 1157 2857 nt
1175 2785 1247 2857 dici
1264 2786 1383 2882 possit

347 2899 424 2971 sine
441 2900 677 2981 absurditate,
700 2911 920 2995 potestatem
946 2899 1183 2995 temporalem
1208 2899 1383 2993 potestati

346 3014 523 3108 spirituali
550 3014 751 3108 subjectam
778 3037 867 3085 esse.
919 3011 1012 3084 Cum
1031 3011 1184 3085 dicimus
1201 3011 1298 3085 enirn
1315 3036 1382 3109 po-

346 3138 516 3198 testatem
530 3126 703 3221 potestati
717 3127 900 3199 subditam
915 3149 1005 3210 esse,
1018 3124 1299 3221 intelligendum
1311 3136 1380 3213 est,

345 3250 409 3311 aut
425 3240 539 3327 illum,
558 3239 621 3335 qui
638 3262 748 3311 unam
767 3241 889 3328 babet,
908 3239 972 3328 illi,
990 3240 1054 3334 qni
1078 3240 1190 3313 habet
1215 3238 1380 3328 alteram,

345 3353 531 3425 subditum
555 3375 644 3439 esse,
665 3352 722 3424 vel
745 3362 966 3448 potestatem
988 3376 1100 3423 unam
1125 3376 1205 3425 esse
1221 3352 1269 3426 ad
1292 3351 1382 3425 alte-

345 3489 422 3537 ram
450 3477 493 3538 ut
517 3465 678 3537 medium
704 3466 751 3537 ad
776 3467 898 3537 finem.
952 3465 1161 3559 Intelligere
1188 3465 1286 3537 enim
1303 3489 1380 3538 non

345 3604 548 3675 possumus,
566 3590 788 3676 potestatem
804 3602 927 3664 unam,
946 3577 1021 3649 sive
1043 3577 1104 3672 jus
1127 3578 1297 3650 nnumin
1314 3602 1380 3673 po-

345 3703 514 3766 testatem
531 3692 652 3776 aliam,
670 3691 708 3762 id
726 3703 792 3781 est,
806 3693 866 3787 jus
882 3690 993 3778 aliud,
1011 3701 1231 3785 potestatem
1248 3691 1306 3763 vel
1320 3692 1380 3786 jus

344 3806 479 3879 babere
495 3802 710 3899 imperandi.
763 3804 859 3876 Nam
877 3802 1070 3899 subjectio,
1085 3803 1288 3901 imperium,
1299 3806 1380 3898 jur,

344 3934 381 3991 et
405 3927 582 4016 potestas
610 3916 815 3989 accidentia
841 3927 928 3989 sunt
954 3940 1029 3988 non
1055 3928 1290 4013 potestatum,
1315 3917 1381 3990 sed

343 4055 593 4128 personarum.
647 4031 813 4102 Potestas
832 4029 979 4124 quidem
998 4054 1071 4102 una
1088 4030 1194 4102 alteri
1212 4030 1379 4104 subordi-

343 4157 430 4218 nata
447 4169 525 4217 esse
542 4155 675 4240 potest,
691 4142 996 4237 quemadmodum
1009 4166 1068 4215 ars
1080 4142 1238 4215 faciendi
1253 4143 1382 4239 ephip-

342 4260 403 4356 pia
428 4259 499 4331 arti
526 4257 716 4352 equitandi
734 4256 970 4330 subordinate
996 4280 1073 4328 esse
1104 4268 1237 4352 potest.
1298 4256 1380 4330 Etsi
