2926 4980
335 324 382 394 82
728 342 782 394 na
803 341 985 396 nonina.

149 538 226 591 cip.
238 538 286 592 χι,
334 529 448 598 error,
478 528 598 606 neque
623 506 867 583 contradictio
893 510 1089 583 verborum
1112 509 1191 581 sine
1206 509 1372 605 perlecto

140 622 294 731 „U
334 622 525 696 intellectu
545 633 669 719 potest
686 623 822 720 detegi.

138 764 229 794 morum·
384 733 443 808 Ab
466 735 595 809 eadem
623 758 734 810 causa
757 733 1015 832 proficiscitur,
1032 749 1075 809 ut
1100 737 1178 810 sine
1196 733 1318 810 studio
1334 746 1374 807 et

334 846 525 922 intellectu
552 848 664 938 claro,
683 846 861 944 distingui
888 872 964 922 non
993 851 1110 946 possit
1138 850 1237 923 inter
1259 870 1373 921 unam

334 962 517 1035 actionem
544 960 745 1035 multorum
774 962 975 1051 hominnm,
994 973 1031 1035 et
1060 963 1183 1060 plures
1209 963 1373 1036 actiones

333 1076 441 1148 unius
475 1074 731 1149 multitudinis.
799 1076 967 1171 Exempli
1000 1100 1122 1165 causa,
1165 1074 1375 1149 differentia

333 1211 469 1285 magna
495 1200 551 1262 est
568 1188 666 1262 inter
689 1188 873 1262 actionem
895 1199 1105 1263 senatorum
1123 1190 1372 1262 Romanorum

334 1303 498 1375 omnium
508 1323 723 1392 unam,cnm
732 1302 1239 1393 interficerentCatilinam,et
1247 1303 1373 1399 plures

333 1415 497 1488 actiones
526 1427 737 1489 senatorum
753 1416 912 1505 illorum,
929 1417 992 1512 qui
1009 1415 1275 1490 interfecerunt
1292 1415 1373 1489 Cae-

333 1551 461 1602 sarem.
514 1530 644 1626 ltaque
671 1529 735 1626 qui
758 1552 890 1625 parum
919 1527 1131 1625 intelligrmt
1156 1530 1279 1620 verba,
1302 1551 1372 1626 pro

333 1642 479 1716 actione
495 1643 622 1739 populi
638 1666 887 1740 saepenumero
904 1642 1091 1739 accipiunt
1102 1643 1276 1732 actiones,
1288 1664 1372 1739 quae

332 1756 427 1829 fiunt
441 1756 487 1828 ab
504 1757 694 1830 hominum
710 1757 957 1848 multitudine,
975 1779 1186 1854 quanquam
1198 1758 1245 1830 ab
1261 1757 1372 1831 unius

331 1867 428 1941 forte
446 1869 679 1965 instigatione
697 1883 808 1944 natae.

383 1981 570 2078 Ignoratis
584 2005 775 2056 causarum
789 1994 827 2056 et
839 1984 1111 2057 constitutionis
1123 1984 1252 2081 primae
1265 1985 1371 2081 juris,

333 2095 529 2190 aequitatis,
538 2095 642 2192 legis,
653 2108 693 2169 et
700 2096 865 2192 justitiae,
877 2096 967 2171 facit
976 2107 1019 2170 ut
1030 2097 1196 2171 homines
1209 2118 1277 2195 pro
1289 2121 1371 2170 sua-

332 2232 415 2282 rnm
431 2209 618 2283 actionum
634 2211 761 2306 regula
788 2221 988 2306 sequantur
1014 2210 1317 2284 consuetudinem
1334 2221 1372 2283 et

333 2323 499 2419 exempla
525 2324 702 2420 temporis
733 2323 923 2419 praeteriti,
954 2334 1159 2420 putentque
1194 2324 1371 2420 injustum

331 2436 423 2509 nihil
436 2436 1369 2534 aliudesse‚quamquodpunirieonsucvit‚justum-

333 2574 404 2646 que
421 2574 501 2624 csse
520 2550 620 2647 quod
636 2550 833 2647 aliquando
849 2551 997 2647 impune
1015 2551 1103 2635 fuit;
1132 2550 1236 2646 quasi
1251 2549 1367 2645 pueri,

332 2664 396 2759 qui
412 2664 501 2737 boni
517 2677 556 2737 et
572 2663 658 2737 mali
681 2664 793 2737 moris
819 2664 928 2737 aliam
953 2663 1118 2760 regulam
1141 2662 1279 2735 nullam
1303 2661 1369 2734 ha-

329 2777 431 2865 bent,
443 2787 578 2873 praeter
588 2789 782 2873 parentum
795 2787 833 2849 et
843 2775 1100 2873 magistrorum
1111 2775 1367 2849 correctiones.

331 2890 438 2962 Pueri
450 2902 575 2962 tamen
589 2912 656 2962 sua
672 2889 800 2985 regula
817 2900 1027 2962 constanter
1040 2911 1182 2985 semper
1194 2889 1251 2961 usi
1265 2901 1367 2973 sunt;

330 3002 497 3074 homines
514 3012 638 3075 autem
654 3002 770 3075 adulti
787 3026 810 3074 a
827 3002 1090 3076 consuetudine
1111 3002 1159 3075 ad
1174 3003 1367 3091 rationem,

331 3126 369 3187 et
385 3139 509 3187 rursus
526 3139 549 3187 a
571 3115 712 3188 ratione
738 3113 788 3186 ad
814 3115 1127 3204 consuetudinem,
1146 3115 1290 3210 quoties
1308 3136 1369 3187 vo·

330 3226 423 3317 lunt,
439 3252 506 3324 per
522 3228 791 3301 contumaciam
807 3238 1021 3323 provocant,
1037 3227 1289 3322 rationemque
1302 3252 1368 3324 op-

330 3353 508 3437 pugnant,
522 3341 664 3437 quoties
677 3341 840 3437 ipsorum
850 3340 1045 3414 commoda
1052 3351 1245 3438 oppugnat
1260 3341 1367 3415 ratio.

334 3452 509 3528 Doctrina
535 3477 623 3550 ergo
647 3455 738 3550 justi
761 3464 799 3527 et
821 3455 949 3551 injusti
964 3468 1143 3551 perpetuo
1161 3455 1370 3552 disputatur

331 3579 411 3640 tum
428 3568 574 3663 scriptis
592 3579 672 3640 tum
694 3567 826 3649 armis;
854 3567 1024 3640 doctrina
1046 3579 1168 3639 autem
1190 3567 1369 3641 linearum

331 3694 370 3753 et
398 3680 600 3777 figurarum
628 3705 705 3755 non
731 3680 949 3776 disputatur.
1002 3680 1153 3762 Quare?
1207 3678 1306 3756 Quia
1329 3682 1368 3754 in

332 3793 503 3867 doctrina
520 3795 602 3882 hac,
617 3817 784 3890 quaenam
802 3794 851 3867 sit
867 3795 1014 3883 veritas,
1031 3793 1118 3890 quia
1141 3794 1282 3867 nullius·
1292 3816 1369 3866 am-

330 3904 520 3997 bitionem,
548 3907 704 3997 lucrum,
732 3918 797 3979 aut
824 3906 1034 4003 cupidinem
1063 3905 1230 4001 impedit,
1261 3906 1368 4001 pauci

331 4033 473 4095 curant
525 4022 622 4095 Nam
647 4022 678 4094 si
695 4022 898 4117 propositio
915 4020 995 4094 haec
1012 4019 1186 4109 Euclida,
1206 4029 1284 4092 tres
1301 4043 1368 4091 aa·

328 4133 414 4231 guli
431 4134 620 4233 trianguli
638 4133 800 4233 aquales
813 4144 899 4206 cunt
916 4132 1057 4206 duobus
1074 4131 1204 4221 rectia,
1218 4131 1367 4204 utilitati

330 4269 468 4336 eornm,
497 4247 560 4342 qni
592 4247 885 4336 dominabantur,
911 4247 1098 4320 contraria
1122 4244 1262 4335 finisset,
1293 4266 1368 4318 non
