2926 4980
354 393 571 444 Arrannrx
591 392 646 443 au
667 391 924 444 aavmrnxm
1087 372 1159 452 537

167 561 217 633 Α.
244 561 323 655 Ego
337 582 403 655 per
421 582 559 654 corpur
576 555 743 652 intelligo
755 580 855 629 nunc
874 557 912 629 id
929 553 975 628 de
993 578 1161 651 quovere

65 654 68 660 ⁵
116 675 190 747 dici
207 683 339 769 potest,
356 671 456 768 quod
467 671 592 742 existit
608 669 757 742 realiter
774 671 813 741 in
831 670 963 767 seipso,
976 668 1161 764 habetque

117 789 229 861 etiam
242 787 403 881 aliquam
417 783 727 880 magnitudinem
745 783 870 870 habet,
884 783 1047 880 iuquam,
1059 807 1163 878 mag-

117 900 337 988 nitudinem,
357 922 433 970 uon
451 896 551 991 quod
563 896 610 969 sit
628 896 846 992 magnitudo
864 897 955 992 ipsa.
1007 895 1164 970 Memini

118 1026 243 1088 tamen
262 1010 361 1108 quod
389 1034 527 1108 corpas
553 1019 720 1106 putarem
753 1010 950 1106 aliquando
977 1010 1017 1083 id
1045 1010 1164 1084 solum

119 1152 209 1215 esse,
228 1126 327 1223 quod
352 1125 470 1198 tactui
492 1148 575 1197 mco
601 1122 661 1194 vel
683 1124 777 1195 visui
805 1125 979 1197 obstaret.
1033 1124 1163 1220 ltaque

119 1242 278 1338 speciem
307 1261 453 1334 quoque
481 1237 647 1332 corporis
676 1236 716 1307 in
742 1236 903 1332 speculo,
929 1248 995 1310 aut
1019 1260 1163 1325 somna,

120 1367 184 1428 aut
201 1353 362 1426 tenebris
381 1361 631 1445 apparentem,
651 1373 862 1446 quanquam
889 1351 1056 1436 miratus,
1082 1373 1164 1423 cor-

121 1492 189 1563 pus
207 1480 332 1539 tamen
349 1487 429 1537 esse
447 1463 664 1536 arbitrabar.
726 1462 800 1535 Sed
817 1465 1064 1538 consideranti
1081 1489 1165 1561 pos-

120 1594 181 1654 tea
207 1580 347 1676 species
375 1578 455 1650 illas
482 1589 771 1666 evanescerent
797 1601 952 1672 quarum
970 1578 1166 1651 existentia

123 1694 346 1790 dependeret
364 1716 438 1764 non
466 1716 488 1763 a
519 1692 658 1787 seipsis,
689 1689 755 1763 sed
778 1716 801 1762 a
828 1704 962 1764 natura
992 1691 1164 1779 animata,

122 1833 197 1882 nou
212 1805 368 1902 amplius
382 1805 473 1876 mihi
488 1806 574 1877 visae
589 1815 675 1876 suut
688 1803 817 1892 realeS,
830 1805 895 1877 sed
907 1805 1167 1900 phantasmata

122 1933 160 1996 et
177 1923 328 1994 effectus
342 1943 466 1991 rerum
483 1918 522 1990 iu
540 1941 679 2013 organa
696 1940 866 1989 sensuum
883 1918 1073 2013 agentium
1092 1943 1102 2001 3
1129 1927 1167 1990 et

122 2035 278 2131 proinde
303 2057 381 2105 esse
410 2032 668 2128 incorporeae.
733 2031 789 2102 De
825 2032 1012 2128 spiritibus
1043 2045 1167 2105 autem

120 2148 331 2244 judicabam
351 2170 397 2217 ex
410 2167 506 2232 aere,
525 2145 589 2239 qui
606 2143 755 2240 spiritus
774 2158 841 2234 est,
864 2156 901 2217 et
914 2156 1038 2235 vento,
1057 2169 1166 2241 quem

125 2272 227 2334 tactu
246 2258 473 2339 sentiebam;
501 2268 537 2328 et
551 2270 749 2352 propterea
774 2259 943 2354 spiritum
962 2258 1167 2331 existimavi

126 2396 258 2468 corpus
272 2371 431 2466 quidem,
444 2369 508 2441 sed
522 2381 643 2459 tenue,
657 2394 747 2459 esse,
762 2383 798 2443 et
817 2372 966 2467 spiritus
979 2371 1070 2444 alios
1087 2371 1167 2444 aliis

126 2508 204 2557 esse
222 2508 329 2578 posse
347 2483 545 2570 tenuiores,
564 2482 742 2578 purioreS,
759 2494 796 2555 et
814 2484 905 2558 alios
928 2485 974 2558 ab
992 2485 1073 2557 aliis
1097 2485 1166 2557 dif-

125 2596 221 2669 ferre
239 2619 345 2691 posse
360 2597 471 2668 etiam
481 2596 629 2685 virtute,
644 2621 719 2668 nou
733 2597 854 2670 miuus
869 2622 977 2693 quam
995 2598 1167 2695 liquores,

127 2710 191 2804 qui
218 2733 426 2804 quanquam
445 2709 519 2781 siut
537 2722 812 2805 transparentes
830 2736 946 2808 aeque,
972 2712 1169 2786 virtutibus

128 2837 252 2896 tamen
269 2824 366 2895 inter
392 2846 430 2895 se
456 2823 615 2895 immane
633 2822 853 2920 discrepant.
906 2826 1086 2899 Naturam
1104 2849 1169 2898 au-

128 2953 203 3010 tem
221 2937 378 3009 mediam
399 2936 496 3008 inter
514 2961 647 3032 corpus
664 2947 702 3008 et
720 2938 900 3033 spiritum,
919 2950 984 3012 aut
1000 2940 1170 3036 spiritum

128 3062 165 3122 et
181 3050 410 3146 phantasma,
429 3048 468 3120 id
486 3061 554 3133 est,
572 3048 669 3121 inter
686 3049 855 3146 spiritum
871 3062 909 3123 et
926 3052 1029 3141 nihil,
1048 3050 1171 3125 conci-

127 3188 213 3260 pere
231 3188 307 3235 non
323 3162 440 3259 potui.
469 3162 719 3236 Quaerendum
737 3187 825 3259 ergo
843 3177 909 3253 est,
923 3190 971 3237 an
989 3166 1027 3237 in
1047 3164 1171 3260 Scrip-

129 3292 213 3350 tura
239 3279 352 3350 Sacra
373 3277 580 3371 reperiatur
604 3300 677 3348 vox
694 3275 906 3350 substantia
935 3279 1172 3376 incorporea,

128 3392 187 3463 vel
199 3389 412 3463 anhelantia
426 3388 698 3478 immaterialia,
711 3388 770 3460 vel
783 3391 954 3462 ementire
966 3401 1171 3488 separatae.

180 3504 228 3576 B.
255 3505 375 3576 Voces
392 3502 465 3575 illae
482 3502 521 3573 in
539 3502 730 3598 Scriptura
745 3503 859 3574 Sacra
874 3527 950 3575 non
969 3517 1067 3578 sunt.
1095 3504 1174 3577 Cae·

131 3630 250 3688 terum
280 3617 318 3689 iu
346 3616 466 3712 primo
494 3638 539 3686 ex
562 3615 715 3711 triginta
740 3639 872 3687 novem
898 3617 1063 3691 articulis
1088 3616 1173 3689 reli·

130 3731 261 3826 gioniS,
290 3729 397 3802 editis
424 3727 470 3800 ab
499 3727 654 3800 ecclesia
683 3727 1172 3823 Anglicauaa.n.mn1,x11

132 3867 304 3939 expresse
335 3843 483 3929 dicitur,
501 3842 622 3913 Deam
647 3866 729 3914 erae
754 3841 836 3914 aiae
862 3867 1022 3941 corpore
1038 3854 1077 3916 et
1094 3845 1175 3917 aiae

127 3956 319 4054 partibas.
356 3957 486 4051 ltaque
502 3955 713 4050 negandum
731 3979 806 4027 non
824 3967 891 4028 est.
932 3958 1045 4029 Poena
1062 3957 1174 4030 etiam

132 4071 170 4143 iu
189 4081 365 4164 negantes
384 4068 624 4140 constituitur
643 4068 986 4141 excommunicatio.

182 4183 230 4255 A.
259 4183 344 4253 Non
363 4182 569 4276 negabitur.
623 4182 666 4253 ln
684 4180 840 4253 articulo
860 4194 983 4253 tamen
1000 4182 1174 4257 vicesimo

132 4297 278 4384 dicitur,
298 4295 395 4391 quod
412 4295 504 4368 nihil
533 4295 579 4367 ab
599 4295 752 4368 ecclesia
780 4294 1004 4368 credendum
1031 4297 1173 4394 injungi

1216 591 1294 640 CAP.
1306 590 1332 640 I.

1202 666 1346 706 κ-Ὑα

1204 737 1239 780 De
1249 735 1350 794 symbolo

1204 802 1297 846 Nioeuo.
