2926 4980
381 921 920 1005 INTRODUCTIO.

554 1242 749 1252 ——n———.

554 1256 749 1265 ——.-—

119 1482 351 1570 Nauorum,
369 1481 409 1555 id
426 1496 492 1571 est,
509 1483 620 1571 illam,
639 1507 711 1580 qua
738 1484 914 1555 mundum
946 1483 1048 1556 Dens
1075 1507 1163 1556 con-

120 1619 218 1693 didit
235 1631 273 1692 et
290 1621 485 1716 gubernat,
503 1620 665 1694 divinam
683 1634 812 1711 artem,
832 1634 982 1695 eatenus
1000 1623 1165 1695 imitatur

120 1782 182 1831 ars
200 1759 373 1847 humana,
391 1770 434 1831 ut
450 1759 565 1855 possit
591 1760 688 1832 inter
718 1760 790 1832 alia
814 1761 1018 1856 producere
1048 1761 1163 1833 artifi-

121 1896 216 1969 ciale
232 1897 382 1969 animal.
434 1896 522 1970 Cum
551 1897 648 1970 enirn
665 1898 742 1971 vita
758 1899 848 1971 nihil
866 1899 965 1971 aliud
989 1899 1036 1971 sit
1053 1923 1162 1995 quam

121 2047 271 2108 artuum
298 2047 433 2124 motus
452 2036 556 2130 cujus
580 2034 801 2131 principium
828 2048 884 2108 est
911 2037 1098 2109 internum
1124 2037 1163 2109 in

122 2187 229 2272 parte
254 2175 379 2270 aliqua
404 2174 567 2269 corporis
592 2171 796 2269 principali,
831 2173 919 2269 quid
944 2174 1066 2247 obstat
1092 2199 1164 2270 quo

122 2311 245 2384 minus
280 2311 444 2384 dicamus
478 2322 666 2384 automata
700 2310 834 2400 omnia,
868 2312 943 2384 sive
978 2313 1164 2385 machinas

122 2473 359 2544 omnesquae
391 2449 436 2520 ab
462 2449 603 2521 clastris
629 2448 830 2542 rotulisque
856 2448 954 2521 intus
980 2448 1163 2545 dispositis

122 2599 265 2661 motum
297 2588 447 2677 habent,
479 2599 521 2660 ut
550 2586 754 2683 horologia,
790 2585 828 2657 in
859 2586 998 2682 seipsis
1027 2586 1163 2660 habere

122 2727 238 2799 etiam
255 2725 484 2799 artificialem
500 2724 640 2797 vitam?
693 2723 794 2798 Quid
820 2736 877 2796 est
894 2748 958 2797 cor
974 2725 1046 2798 nisi
1072 2727 1163 2800 clas-

122 2878 237 2952 trum‚
272 2862 361 2960 quid
391 2863 495 2934 nervi
521 2861 593 2934 nisi
619 2861 779 2950 chordae,
807 2860 896 2957 quid
922 2864 1068 2936 articuli
1094 2864 1164 2938 nisi

122 3001 281 3075 totidem
301 3000 434 3073 rotulae
452 3014 607 3091 motum,
627 3000 769 3096 qualern
793 3000 908 3074 voluit
933 3003 1076 3094 artifex,
1094 3003 1164 3077 toti

119 3141 268 3238 corpori
286 3140 568 3237 impertientes?
620 3140 750 3235 Neque
767 3140 903 3212 animal
921 3152 1065 3214 tantum
1080 3141 1163 3214 imi-

119 3293 224 3355 tatur
241 3306 313 3371 arS,
332 3280 397 3354 sed
427 3281 539 3353 etiam
567 3278 832 3352 nobilissimum
858 3278 1079 3367 animalium,
1098 3280 1164 3352 ho-

120 3422 272 3494 minem.
350 3418 510 3515 Magnus
554 3417 616 3489 ille
658 3417 871 3503 Leviathan,
914 3440 994 3511 quae
1037 3417 1164 3489 civitas

120 3558 341 3656 appellatur,
360 3555 546 3652 opificium
563 3556 653 3628 artis
670 3567 728 3627 est
752 3566 789 3627 et
818 3554 929 3627 homo
954 3553 1163 3644 artificialia,

123 3720 336 3794 quanquam
353 3694 502 3767 homine
523 3692 695 3779 naturali,
713 3703 865 3787 propter
891 3693 994 3786 cujus
1019 3701 1164 3785 proteo-

122 3836 265 3908 tionem
283 3845 321 3905 et
338 3834 491 3905 salutem
509 3831 739 3927 excogitatus
751 3842 816 3919 est,
829 3842 866 3902 et
878 3828 971 3902 mole
983 3840 1020 3900 et
1033 3828 1164 3901 robore

123 3973 246 4046 multo
268 3972 395 4065 major.
448 3971 489 4042 In
523 3993 595 4063 quo
624 3969 668 4056 ie,
687 3967 752 4064 qai
769 3992 941 4039 sarranium
967 3965 1076 4038 habet
1092 3991 1164 4061 po-

122 4120 313 4196 testatem,
340 4133 407 4205 pro
425 4110 549 4180 artiora
576 4119 643 4195 est,
661 4130 793 4201 corpus
822 4119 940 4178 totum
958 4105 1164 4176 vivificante

123 4261 162 4323 et
179 4259 377 4329 movente;
404 4249 653 4345 magistratus
681 4258 717 4317 et
740 4245 932 4342 profecti,
959 4242 1164 4317 artificiales

228 4408 323 4459 von.
343 4409 381 4458 v.
1038 4402 1061 4450 n
