2926 4980
309 351 381 418 152
639 400 641 404 .
680 363 734 414 nn
754 362 963 415 crv1rnra.

113 566 265 617 mxx,
306 518 508 595 dominium
537 519 653 616 patris
681 543 760 592 esse
785 533 938 615 propter
954 517 1208 616 praestantiam
1224 538 1362 603 sexus,

122 647 263 754 ssi?
305 659 382 708 non
396 644 496 706 recte
509 633 655 706 dicitur.
684 633 814 728 Neque
826 632 925 711 euim
940 657 1018 705 mas
1028 631 1190 705 foeminae
1202 640 1351 704 tantum

121 712 264 851 μωῗῖᾞω
307 760 373 822 aut
389 747 527 819 viribus
544 760 609 819 aut
625 747 823 843 prudentia
840 770 983 842 semper
995 757 1161 844 praestat,
1172 757 1215 818 ut
1232 743 1352 817 domi-

124 843 241 898 mum
308 862 411 933 nium
431 859 678 932 determinare
694 859 811 956 possit
829 859 907 931 sine
920 860 1029 933 bello.
1082 861 1125 932 In
1140 857 1353 932 civitatibus

309 973 451 1048 obtinet
466 975 528 1068 jus
546 973 664 1045 civile.
696 973 825 1068 ltaque
846 972 909 1043 ubi
927 996 1006 1044 mas
1019 985 1162 1069 regnat,
1176 971 1229 1044 ibi
1246 970 1352 1056 mari,

309 1089 373 1160 ubi
392 1086 557 1173 foemina,
569 1086 620 1158 ibi
633 1086 793 1158 foeminae
807 1084 1009 1158 dominium
1022 1086 1198 1158 tribuitur
1208 1085 1246 1156 in
1259 1082 1355 1154 filios

309 1200 439 1295 regios.
493 1198 564 1272 Sed
592 1200 746 1295 quaestio
774 1224 872 1271 nunc
899 1211 956 1271 est
981 1198 1123 1294 dejure
1143 1196 1297 1271 dominii
1314 1196 1353 1267 in

310 1312 525 1387 conditione
553 1312 724 1400 naturali,
742 1311 806 1384 ubi
820 1311 919 1408 leges
938 1312 1224 1386 matrimoniales
1241 1309 1355 1383 nullae

310 1438 397 1499 sunt
411 1438 546 1521 praeter
570 1450 722 1498 sexuum
740 1449 903 1498 amorem
917 1438 1088 1498 mutuum
1105 1438 1143 1498 et
1159 1423 1273 1522 prolis
1291 1447 1355 1495 cu·

311 1564 391 1612 ram
409 1538 627 1610 naturaliter
645 1538 805 1626 insitam,
822 1539 885 1611 ubi
903 1552 1009 1635 pater
1036 1555 1073 1613 et
1092 1551 1208 1612 mater
1223 1537 1269 1611 de
1287 1537 1356 1610 do-

312 1653 425 1724 minio
442 1653 480 1724 in
494 1651 670 1724 infantem
689 1664 753 1725 aut
769 1664 877 1748 paeto
897 1652 1109 1749 disponunt,
1126 1662 1191 1725 ant
1204 1651 1355 1723 omnino

311 1790 386 1838 nou
406 1765 617 1861 disponunt.
672 1765 711 1837 Si
729 1789 816 1860 ergo
836 1766 1047 1861 disponunt,
1065 1789 1132 1861 per
1148 1776 1299 1861 pactum
1315 1762 1356 1836 id

311 1879 463 1967 faciunt,
479 1891 517 1951 et
542 1878 744 1951 dominium
775 1881 880 1974 eujus
905 1879 953 1952 sit
980 1890 1128 1975 apacto
1158 1878 1354 1951 indicatur.

314 1992 375 2065 Sic
393 1991 599 2064 Amazones
616 2015 700 2064 aum
715 1992 880 2064 maribus
902 1992 1106 2064 vicinorum
1133 1991 1235 2088 pacti
1255 2006 1356 2078 sunt,

314 2119 356 2178 nt
372 2105 489 2201 geniti
511 2105 616 2201 pueri
634 2105 682 2178 ad
699 2106 780 2178 illos
805 2104 1090 2196 remitterentur,
1107 2105 1239 2202 puellae
1257 2102 1356 2199 apud

313 2230 450 2292 matres
466 2233 712 2291 remanerent.

366 2332 430 2404 Sin
448 2343 597 2427 paetum
612 2331 752 2408 nullum
766 2331 999 2419 interveniat,
1013 2331 1216 2405 dominium
1229 2329 1364 2402 matris

314 2457 381 2519 est.
436 2446 480 2518 In
498 2444 709 2518 conditione
723 2446 821 2517 enim
843 2445 1015 2532 naturali,
1033 2446 1096 2518 ubi
1113 2445 1213 2541 leges
1231 2444 1358 2516 matri·

314 2559 492 2632 moniales
528 2558 638 2631 nullae
669 2571 808 2648 extant,
828 2560 908 2655 quis
935 2571 1041 2655 pater
1070 2573 1127 2632 est
1154 2560 1358 2654 ignoratur,

316 2673 387 2746 nisi
413 2671 601 2744 indicante
627 2684 757 2744 matre.
808 2673 988 2745 Amatris
1018 2695 1105 2768 ergo
1123 2672 1275 2744 arbitrio
1294 2670 1358 2743 de-

315 2784 454 2880 pendet
472 2782 696 2867 dominium;
716 2784 828 2880 ipsius
840 2808 928 2881 ergo
943 2797 1010 2859 est.
1063 2786 1217 2872 Rursus,
1235 2784 1358 2857 infans

315 2898 354 2969 in
372 2906 556 2992 potestate
574 2898 701 2970 matris
718 2899 892 2987 nascitur,
911 2899 964 2971 ita
988 2913 1030 2972 ut
1055 2922 1168 2995 penes
1193 2899 1294 2970 illam
1312 2897 1360 2969 sit

316 3023 382 3083 aut
400 3010 557 3083 educare
576 3021 640 3083 aut
658 3034 839 3107 exponere
856 3012 914 3084 vel
940 3012 1157 3085 interficere.
1212 3012 1252 3085 Si
1270 3034 1360 3107 ergo

317 3124 404 3211 alat,
421 3123 530 3195 matri
547 3124 660 3195 vitam
679 3124 789 3196 debet
806 3123 937 3212 insana,
950 3135 987 3198 et
1000 3137 1195 3222 propterea
1212 3124 1264 3197 illi
1282 3148 1359 3220 prae

318 3236 486 3308 omnibus
514 3235 594 3308 aliis
612 3235 761 3308 obedire
784 3236 979 3332 obligatur.
1032 3239 1244 3311 Dominium
1269 3261 1358 3333 ergo

319 3349 445 3422 matris
464 3363 530 3421 est.
584 3349 648 3421 Sin
667 3362 827 3445 exponat
845 3350 947 3423 illum
965 3364 1093 3441 mater,
1112 3352 1204 3424 alius
1235 3363 1359 3423 autem

318 3474 506 3559 repertum
541 3475 663 3533 servet
694 3462 853 3557 alatque,
888 3463 1018 3536 alentis
1054 3465 1256 3538 dominium
1291 3474 1358 3535 est.

320 3576 463 3648 Servati
490 3575 587 3646 enim
617 3598 761 3671 semper
788 3576 956 3650 dominus
983 3591 1039 3652 est
1060 3590 1246 3661 servat0r;
1275 3578 1361 3673 quia

318 3688 414 3776 finis,
432 3698 582 3783 propter
600 3711 709 3784 quem
723 3688 830 3761 alteri
846 3689 972 3763 alteris
990 3715 1028 3764 se
1043 3692 1253 3787 subjiciunt,
1271 3715 1360 3763 con-

319 3801 477 3875 servatio
496 3811 561 3873 est.

370 3915 409 3987 Si
426 3925 531 4010 pater
562 3915 690 3986 matris
721 3913 890 3987 dominus
917 3915 976 4004 sit,
995 3914 1277 3989 etiaminfantis
1295 3915 1361 3989 do·

319 4028 441 4100 minus
472 4040 539 4100 est.
593 4027 658 4099 Sin
684 4039 801 4099 mater
827 4028 942 4123 patris
966 4029 1014 4102 sit
1049 4027 1209 4115 domina,
1243 4042 1285 4101 ut
1318 4030 1362 4103 fit

319 4142 465 4236 quando
479 4141 618 4237 regina,
629 4164 808 4219 summam
819 4141 958 4214 habens
969 4153 1201 4238 potestatem,
1214 4141 1361 4215 subdito

319 4278 386 4327 suo
417 4255 534 4341 nubit,
570 4255 740 4329 dominus
771 4256 923 4330 infantis
956 4268 1075 4331 mater
1108 4268 1174 4345 est,
1202 4266 1244 4328 ut
1278 4280 1363 4352 quae

320 4367 468 4441 domina
485 4381 540 4441 est
557 4369 679 4443 mariti
694 4369 760 4443 sui.
