2926 4980
114 533 193 586 CAl’.
207 535 243 584 11.

110 617 251 651 var-³

112 685 146 730 De
156 685 243 731 haral.

293 321 365 389 556
530 336 747 390 annnunrx
767 336 823 388 an
844 336 1103 388 nnvrarnan.

291 526 351 576 ras
368 502 448 575 illas
461 503 583 599 regias
596 528 672 577 non
686 503 796 577 citius
807 503 1089 599 publicaverint,
1100 500 1362 598 reprehendit

293 616 515 689 clarissimus
541 617 602 691 ille
629 617 913 714 jurisconsultus
941 616 1134 690 Eduardus
1158 615 1289 689 Cocus
1315 615 1359 687 in

293 729 403 804 tertio
421 730 516 804 libro
534 731 808 805 Institutorum.

344 844 393 917 A.
421 844 556 917 Nonne
582 845 705 941 ipsum
730 844 938 942 symbolum
967 845 1006 917 in
1033 842 1185 939 liturgia
1211 841 1356 937 Angli-

294 981 388 1033 cana
399 958 639 1055 publicatum,
652 958 745 1055 legis
760 958 807 1032 de
823 956 956 1031 haeresi
969 957 1156 1031 sufficiens
1166 967 1253 1028 erat
1263 979 1356 1051 pro·

295 1071 500 1168 mulgatiol

345 1186 393 1257 B.
425 1186 493 1274 Ita,
512 1184 544 1257 si
560 1184 598 1256 in
615 1183 697 1281 lege
713 1183 753 1257 id
770 1184 947 1281 scriptum
965 1183 1103 1257 fuisset.
1148 1181 1225 1255 Sed
1244 1182 1354 1256 nulla

297 1299 347 1371 ibi
364 1298 462 1372 facta
479 1308 535 1371 est
552 1299 692 1371 mentio
703 1298 858 1395 symboli
876 1297 1034 1383 Niceni;
1053 1319 1172 1392 neque
1186 1295 1351 1386 indocti,

297 1433 416 1505 neque
433 1410 546 1506 aliqui
565 1409 723 1483 fortasse
748 1409 884 1499 clerici,
911 1409 1001 1504 quid
1027 1407 1236 1505 symbolum
1255 1408 1353 1483 illud

298 1548 383 1596 cum
401 1523 574 1598 Conciliis
591 1547 787 1596 commune
803 1524 968 1613 haberet,
983 1531 1048 1595 aut
1073 1521 1265 1619 quomodo
1283 1522 1350 1596 de-

299 1650 440 1712 cretum
459 1637 690 1710 Constantini
717 1638 776 1710 lex
802 1637 1009 1734 Anglicana
1032 1635 1134 1709 facta
1159 1648 1273 1725 esset,
1291 1636 1350 1711 in-

300 1751 530 1824 tellexeruut.

349 1865 397 1937 A.
425 1865 550 1939 Quum
567 1874 752 1938 rectorum
769 1864 928 1954 illorum,
946 1887 1059 1960 penes
1082 1886 1174 1959 quos
1192 1874 1275 1937 erat
1300 1863 1346 1936 de

300 1978 430 2052 haeresi
445 1978 624 2075 judicare,
642 1979 848 2052 authoritas
865 1978 948 2074 lege
965 1977 1109 2050 sublata
1125 1988 1221 2066 erat,
1234 2000 1342 2066 anno,

301 2106 344 2164 ut
371 2091 474 2182 diois,
493 2092 616 2166 Caroli
642 2092 756 2164 Primi
781 2091 925 2165 decimo
952 2092 1130 2187 septimo;
1158 2089 1342 2186 quomodo

300 2206 381 2278 fieri
408 2205 541 2302 potuit,
569 2216 612 2277 nt
629 2205 832 2278 authoritas
850 2205 992 2301 legibus
1018 2203 1064 2276 de
1089 2203 1238 2293 haeresi,
1263 2227 1347 2300 quae

303 2320 503 2393 extiterunt
520 2331 685 2414 tempore
703 2317 856 2413 Reginae
875 2318 1018 2406 Mariae,
1035 2341 1111 2390 non
1129 2315 1299 2390 rediret?

351 2434 401 2505 B.
430 2432 528 2506 Quia
544 2432 603 2505 lex
621 2431 667 2504 de
685 2432 785 2504 omni
803 2432 875 2504 alia
896 2443 1082 2528 potestate
1099 2430 1356 2505 ecclesiastica

301 2557 437 2641 praeter
454 2544 593 2640 regiam
611 2544 802 2634 abolenda,
820 2557 906 2618 ante
933 2544 1010 2616 lata
1035 2556 1126 2633 erat,
1145 2567 1259 2640 quam
1285 2569 1356 2640 po-

303 2670 417 2732 testas
451 2657 514 2729 illa
541 2669 728 2730 rectorum
758 2658 1087 2730 ecclesiasticorum
1116 2657 1356 2752 erigeretur;

303 2771 428 2867 itaque
442 2771 585 2843 sublata
601 2770 664 2842 illa
680 2770 772 2866 lege,
800 2784 963 2844 rectores
990 2771 1043 2844 illi
1070 2772 1357 2857 authoritatem,

302 2896 439 2980 praeter
465 2883 688 2957 ordinariam
713 2885 812 2957 illam
840 2885 1194 2974 excommunicandi,
1213 2886 1253 2958 in
1283 2912 1358 2983 pu-

304 2998 447 3070 niendis
474 2998 656 3070 haeretieis
686 2998 827 3071 nullum
858 2999 1030 3088 habuere,
1062 3022 1180 3093 neque
1211 2999 1358 3073 habent

305 3109 427 3183 hodie.

355 3223 404 3295 A.
433 3223 640 3296 Haereticus
665 3246 753 3318 ergo
780 3223 890 3296 hodie
916 3224 987 3296 alia
1003 3247 1114 3320 poena
1131 3235 1270 3318 praeter
1288 3248 1356 3298 ex-

305 3337 675 3410 communicationem
692 3337 816 3433 puniri
833 3362 907 3408 non
925 3337 1071 3432 potest?

354 3451 405 3523 B.
432 3451 554 3522 Etiam
582 3450 702 3545 poenis
728 3451 784 3540 iis,
809 3474 891 3545 quae
917 3450 1355 3542 excommunicationem,

305 3564 442 3637 virtute
476 3564 601 3661 legum
628 3563 799 3652 civilium,
827 3578 1112 3660 consequuntur.
1165 3564 1357 3638 Citabitur

305 3679 404 3751 enim
421 3677 469 3750 ad
495 3679 636 3749 curiam
662 3677 960 3766 eeclesiasticam,
985 3678 1061 3766 ubi,
1089 3677 1159 3750 nisi
1186 3701 1354 3751 errorem

306 3815 412 3864 suum
440 3789 518 3887 ipse
546 3791 705 3881 damnet,
726 3792 894 3865 tradetur
922 3793 1098 3888 potestati
1124 3790 1280 3864 seculari
1313 3794 1353 3867 in

307 3929 492 3977 carcerem
518 3905 792 4000 conjiciendum
819 3906 870 3978 ibi
896 3930 1101 3995 mansurae,
1132 3905 1250 3978 donec
1275 3906 1354 3979 hae-

307 4020 379 4091 resi
405 4043 481 4092 suae
507 4020 705 4109 renuntiet,
723 4019 1038 4116 penitentiamque
1064 4019 1182 4115 egerit
1206 4018 1353 4113 legibus

308 4132 558 4205 constitutam.

358 4244 406 4318 A.
436 4245 510 4319 Qui
521 4245 606 4319 sciri
623 4257 744 4341 potest
761 4269 808 4318 an
824 4269 907 4318 vere
922 4243 1188 4318 renuntiaverit
1205 4267 1322 4316 neone
1339 4245 1351 4316 ?
