2926 4980
324 326 397 394 432
566 344 620 396 nn
639 310 833 397 ciirrsrn
854 345 1122 401 chrismari.

124 537 202 589 erp
216 539 300 593 xm
324 531 450 580 coram
471 507 658 605 judicibus
678 510 834 585 ethnicis
860 511 1019 608 litigare,
1048 513 1086 587 id
1109 514 1244 612 quod
1235 538 1372 592 sanum

136 681 170 724 D
180 688 286 740 Pom
140 621 362 693 *ψει
379 620 569 695 charitatis
585 623 735 718 plenum
749 636 806 698 est
822 638 1059 723 pracceptum,
1084 640 1123 701 et
1147 628 1187 701 in
1213 631 1371 725 optimis
1428 668 1431 674 ·

135 746 287 797 κάπνηπ
323 733 532 808 civitatibus
551 735 795 809 Christianis
786 737 990 811 imitatione
1008 738 1173 836 dignum.
1226 740 1286 816 De
1303 768 1371 840 pe-

322 846 438 922 riculo
463 860 586 923 autem
611 873 659 922 ne
681 849 809 946 religio
837 849 923 924 inde
951 866 1263 949 corrumperetur,
1289 881 1368 930 non

321 973 400 1036 erat
413 963 549 1037 subditi
563 963 728 1060 judicare
744 995 753 1047 ;
771 964 829 1036 vel
843 988 874 1037 si
863 964 1049 1060 'judicare
1062 966 1158 1039 illius
1176 967 1237 1055 sit,
1248 969 1368 1042 etiam

320 1076 359 1149 in
395 1076 558 1150 dominio
589 1079 696 1174 Papae
727 1077 840 1174 ipsius
869 1079 1073 1175 temporali,
1108 1079 1154 1153 de
1188 1078 1367 1157 doctrino

321 1190 427 1286 Papae
441 1192 523 1285 jure
533 1190 753 1286 judicabunt
770 1190 866 1264 illius
884 1191 1032 1265 subditi.

369 1304 638 1400 Argumentum
656 1317 825 1401 quartum
844 1329 867 1376 a
879 1328 1009 1400 regum
1019 1305 1176 1379 sumitur
1193 1306 1363 1403 baptiza-

319 1415 433 1507 tione,
445 1417 482 1489 in
497 1442 569 1513 qua
586 1431 731 1515 sceptra
748 1442 825 1507 sua,
839 1430 882 1491 ut
895 1418 987 1492 dicit
1000 1419 1257 1511 Bellarminus,
1273 1422 1362 1495 sub·

318 1528 470 1603 mittunt
488 1532 634 1605 Christo
650 1563 659 1615 ;
686 1533 980 1629 promittuntque
998 1531 1183 1606 custodire
1197 1545 1236 1607 et
1260 1536 1361 1610 tueri

317 1642 429 1715 fidem
446 1644 702 1719 Christianam.
755 1646 801 1717 Et
819 1658 919 1719 recte
938 1646 1086 1741 quidem
1099 1646 1181 1719 hoc.
1235 1647 1360 1746 Reges

318 1755 416 1828 enim
434 1757 631 1832 Christiani
655 1760 735 1854 ipsi,
762 1758 898 1832 Christi
928 1771 1012 1832 sunt
1041 1758 1189 1832 subditi.
1243 1761 1358 1837 Quod

317 1880 441 1944 tamen
454 1896 529 1944 non
546 1873 710 1969 impedit,
729 1873 818 1968 quin
835 1872 1070 1969 pontificibus
1088 1873 1266 1947 Romanis
1281 1875 1358 1950 sint

316 1984 484 2079 aequalcs.

364 2098 636 2194 Argumentum
651 2099 820 2195 quintum
837 2099 992 2172 sumitur
1009 2100 1056 2171 ab
1075 2122 1119 2171 eo
1140 2099 1242 2195 quod
1259 2100 1357 2178 dixit

315 2209 493 2302 christus,
504 2237 626 2310 parce
643 2237 728 2285 over
746 2237 872 2296 roear;
899 2214 1031 2308 quibus
1050 2213 1169 2285 verbis
1186 2216 1356 2309 pontifici

314 2325 479 2399 Romano
496 2337 719 2421 potestatem
738 2349 883 2398 omnem
903 2326 1028 2399 datam
1048 2349 1127 2399 esse
1145 2325 1249 2416 dicit,
1266 2352 1353 2424 pas

312 2439 385 2511 tori
403 2440 660 2521 necessariam
679 2438 796 2534 qualis
807 2452 861 2512 est
872 2452 1037 2537 potestas
1047 2439 1219 2535 abigendi
1232 2441 1353 2538 lupos,

312 2551 351 2623 id
369 2563 435 2640 est,
454 2553 645 2624 haereticos
660 2583 668 2634 ;
696 2563 734 2624 et
746 2563 906 2648 potestas
926 2552 1068 2626 clausos
1085 2552 1236 2626 tenendi
1254 2556 1351 2629 arie-

312 2677 368 2737 tes
382 2665 555 2751 furentes,
573 2665 634 2759 qui
653 2687 802 2759 gregem
820 2665 992 2737 cornibus
1009 2679 1134 2761 petere
1149 2689 1351 2741 consueve-

313 2788 411 2866 runt,
426 2776 464 2850 id
481 2788 537 2849 est
554 2777 680 2864 moloc,
697 2777 784 2849 licet
806 2777 1044 2865 Christianos
1071 2801 1198 2873 reges;
1225 2792 1265 2852 et
1281 2805 1349 2877 po-

313 2902 425 2963 testas
443 2890 632 2986 praebendi
656 2891 762 2985 gregi
789 2890 1003 2963 alimentum
1031 2915 1137 2963 suum
1164 2889 1346 2966 debitum.

312 3006 433 3099 Atque
452 3005 517 3077 has
534 3014 739 3100 potestates
755 3005 792 3075 S.
812 3004 920 3076 Petro
939 3028 961 3076 a
979 3003 1126 3076 Christo
1141 3003 1245 3076 datas
1265 3029 1347 3079 esse

310 3116 411 3188 dicit.
465 3115 682 3212 Respondeo
701 3128 922 3211 potestatem
947 3118 1044 3189 hane
1070 3116 1116 3189 de
1147 3116 1344 3208 alimentis,

308 3229 398 3302 nihil
429 3229 528 3302 aliud
566 3253 644 3302 esse
679 3241 813 3326 praeter
846 3242 1068 3326 potestatem
1103 3230 1343 3327 praedicandi.

309 3344 379 3415 Pro
397 3343 527 3438 prima,
546 3342 591 3414 de
609 3341 799 3437 abigendis
825 3343 1019 3431 haereticis
1039 3344 1130 3416 citat
1151 3344 1263 3417 Matt.
1280 3345 1342 3418 vii.

312 3465 372 3527 15:
407 3455 545 3528 Cavete
565 3455 669 3527 vobis
693 3479 717 3526 a
733 3455 1090 3552 psendoprophetia,
1109 3455 1173 3552 qai
1194 3457 1343 3530 veniunt

306 3570 362 3641 od
375 3593 439 3641 voa
457 3593 537 3641 cum
554 3567 780 3639 vestimentis
793 3567 921 3656 ovium,
939 3568 1011 3640 sed
1019 3567 1244 3641 intrinsecus
1256 3579 1342 3643 aunt

306 3682 387 3780 lupi
404 3706 577 3779 rapaces.
631 3681 704 3753 Sed
721 3681 887 3753 haeretici
912 3681 1243 3777 pseudoprophetae
1266 3706 1341 3756 non

306 3809 413 3877 sunt;
440 3819 558 3890 neque
576 3794 734 3890 apostoli
751 3794 956 3885 haereticos,
971 3818 1181 3889 quanquam
1194 3794 1272 3891 lupi
1284 3819 1340 3869 es·

305 3922 399 3998 sent,
414 3909 591 4004 jubentur
605 3908 822 3994 interficere,
836 3907 894 3980 vel
907 3907 937 3980 si
950 3908 1061 3980 iidem
1072 3931 1178 4003 reges
1188 3907 1339 3999 fuerint,

304 4025 506 4120 deponere3
534 4021 598 4094 sed
616 4045 757 4106 cavere,
776 4021 915 4117 fugere,
940 4035 977 4093 et
1004 4021 1153 4093 evitare.
1207 4021 1340 4117 Neque

304 4138 341 4210 S.
361 4137 468 4209 Petro
482 4159 602 4230 neque
619 4133 794 4230 apostolis
812 4159 833 4205 a
852 4134 999 4206 Christo
1017 4134 1098 4208 haec
1116 4131 1216 4206 diota
1239 4149 1337 4222 sunt,

303 4249 367 4321 sed
384 4247 613 4323 multitudini
629 4246 855 4337 Judaeorum,
874 4248 935 4343 qui
962 4272 1046 4320 eum
1077 4249 1222 4342 sequuti
1252 4261 1339 4323 sunt
