2926 4980
369 386 423 436 nrt
443 385 636 439 crvrrnrn
657 386 925 440 camerinus.
1092 374 1161 442 411

127 550 260 626 bibetis
277 551 325 625 ad
349 576 512 626 mensam
538 577 669 640 meam,
686 565 724 627 et
748 554 920 628 sedebitis
937 577 1046 650 super
1062 555 1164 628 thro·
1188 595 1266 646 epp,
1278 593 1364 646 xm,

128 689 208 753 nos,
217 665 426 761 judicantes
440 669 557 740 tribus
571 668 748 741 Israelis.'’
775 669 945 764 Regnum
958 678 1083 742 autem
1094 666 1166 740 boc
1208 675 1347 710 *³⁶⁴

128 779 305 875 sanguine
339 780 474 853 Christi
510 792 547 852 et
576 791 777 876 martyrum
806 782 885 875 ejus
912 779 1166 854 redimendum
1203 747 1356 857 misi

129 905 220 966 erat.
246 893 340 965 'l'um
358 892 524 966 Christus
537 893 585 965 ad
602 893 640 966 S.
659 893 808 969 Petrum
825 915 1036 982 conversus,
1053 893 1167 965 verba

129 1005 192 1079 ille
209 1029 320 1102 supra
344 1006 457 1080 citata
481 1006 743 1102 pronuntiavit,
771 1006 908 1096 Simon,
927 1005 1064 1094 Simon,
1082 1016 1167 1088 etc:

130 1120 261 1216 quibus
301 1120 533 1216 significabat
567 1121 741 1193 Satanam
771 1119 945 1215 apostolis
975 1117 1168 1215 presentis

130 1233 401 1322 dominationis,
430 1258 502 1330 quo
527 1234 638 1307 fidem
661 1258 790 1307 eorum
807 1233 853 1306 de
878 1256 993 1329 regno
1011 1244 1167 1306 venturo

130 1346 351 1435 debilitaret,
366 1370 467 1443 spem
484 1347 554 1422 illis
571 1347 795 1443 suggessisse
812 1378 822 1431 ;
839 1355 1029 1442 precatum
1044 1355 1168 1419 autem

130 1484 209 1535 esse
227 1484 266 1532 se
282 1483 350 1554 pro
361 1460 482 1548 Petro,
493 1482 540 1532 ne
554 1459 650 1535 illius
663 1458 753 1534 fides
768 1459 962 1542 deficeret;
980 1458 1168 1553 illumque,

131 1575 194 1671 qui
212 1574 321 1646 sciret
338 1597 492 1668 regnum
510 1573 579 1646 Dei
596 1598 671 1648 non
688 1597 767 1648 esse
792 1597 839 1647 ex
863 1573 933 1647 boe
959 1571 1109 1659 mundo,
1125 1581 1169 1645 ut

130 1687 263 1761 fratres
292 1711 377 1760 suos
406 1687 445 1760 in
475 1687 602 1760 eadem
635 1687 709 1761 fide
742 1687 977 1761 confirmaret
1006 1685 1167 1780 jussisse.

131 1801 254 1897 Atque
271 1824 315 1874 eo
332 1801 443 1875 etiam
459 1801 619 1896 pertinet
636 1823 848 1897 responsum
860 1799 960 1873 Petri
969 1799 1075 1891 (vers.
1083 1800 1166 1892 33):

132 1914 299 2003 Domine,
319 1924 487 2013 paratus
517 1938 596 1986 scm
621 1923 737 1987 tecum
764 1912 823 1985 ire
852 1912 891 1986 in
915 1934 1105 1987 carcerem
1130 1920 1169 1985 et

132 2028 187 2101 cd
200 2037 363 2101 mortem.
407 2027 647 2104 Manifestum
665 2050 753 2122 ergo
770 2049 817 2099 ex
828 2025 899 2100 hoc
911 2025 994 2098 loco
1013 2036 1081 2113 est,
1092 2048 1167 2098 non

131 2141 249 2215 solum
275 2141 312 2214 S.
332 2142 441 2214 Petro
466 2141 604 2215 nullam
630 2139 754 2213 datam
779 2161 870 2226 esse,
898 2137 964 2211 sed
992 2135 1103 2209 etiam
1127 2136 1167 2210 in

131 2252 314 2327 mandatis
339 2253 521 2343 habuisse,
547 2265 589 2327 ut
614 2265 767 2327 caeteros
792 2251 976 2347 apostolos
1003 2250 1165 2338 doceret,

129 2366 420 2463 jurisdictionem
437 2367 508 2440 illis
527 2367 686 2443 debitam
714 2390 790 2439 non
809 2388 899 2439 esse.
951 2364 1082 2460 Neque
1099 2386 1168 2460 pro

135 2479 172 2552 S.
191 2481 301 2569 Petri,
319 2480 357 2554 iu
375 2480 556 2554 sententia
572 2479 723 2553 ferenda
739 2478 785 2552 de
802 2477 966 2552 articulis
991 2476 1090 2566 fidei,
1114 2476 1171 2550 in-

131 2592 352 2667 fallibilitate
386 2604 559 2690 operatur
593 2591 789 2689 quicquam
814 2590 995 2665 adductus
1020 2600 1167 2674 textus;

131 2707 248 2782 multo
259 2708 379 2781 minus
390 2730 457 2803 pro
468 2706 726 2781 infallibilitate
737 2727 986 2779 successorum
1000 2705 1090 2799 ejus,
1102 2700 1168 2775 sed

130 2820 252 2917 potius
283 2831 423 2909 eontra,
448 2832 644 2917 propterea
671 2818 772 2915 quod
800 2815 936 2892 dicitur
968 2815 1008 2888 in
1034 2813 1168 2910 plurali

132 2934 330 3007 “cribrare
356 2934 450 3030 petit
474 2934 573 3022 coc,”
610 2932 674 3007 sed
701 2929 935 3028 singulariter
961 2934 1170 3025 “precatus

132 3071 214 3121 sum
230 3072 299 3143 pro
316 3049 387 3120 te.”

182 3161 300 3236 lacus
320 3161 501 3235 secundus
523 3171 579 3234 est
596 3157 809 3233 Mattb.xvi.
821 3164 881 3231 18:
901 3154 956 3230 Tu
967 3178 1007 3231 ea
1017 3153 1169 3243 Petrus,

131 3284 169 3347 et
186 3298 300 3372 cuper
312 3274 408 3347 Itane
418 3285 572 3372 petram
586 3271 780 3368 edificabo
807 3294 923 3344 meam
944 3266 1168 3342 eccleciam:

132 3397 170 3460 et
188 3397 314 3485 porte
337 3386 539 3484 irfferorum
557 3410 627 3459 noa
646 3382 909 3482 proevalebunt
926 3390 1059 3454 cortica
1076 3403 1169 3452 eam.

133 3500 241 3575 Unde
259 3500 413 3598 amplius
431 3500 557 3574 inferri
579 3499 672 3575 nihil
693 3509 827 3595 potest,
844 3486 895 3570 ‘ut
918 3493 1085 3590 superius
1112 3517 1170 3567 os-

133 3626 277 3690 tensum
295 3627 362 3703 est,
390 3639 499 3711 quam
517 3614 616 3711 quod
633 3622 763 3686 contra
787 3609 886 3684 Petri
904 3607 1171 3681 confessionem

133 3727 245 3816 illam,
271 3728 383 3802 lesus
409 3738 466 3801 eet
495 3728 669 3801 Christum
688 3725 799 3822 filius
825 3723 913 3811 Dei,
937 3731 1056 3818 portae
1080 3719 1170 3792 infe-

133 3865 258 3916 rorum
275 3866 351 3917 non
367 3842 629 3937 praevalebunt.

182 3957 319 4034 Textus
349 3956 481 4029 tertius
507 3967 563 4028 est
590 3978 634 4028 ex
661 3953 745 4027 Joh.
771 3950 846 4025 xxi.
869 3956 925 4037 16,
949 3949 1019 4028 17:
1047 3944 1171 4018 Pasce

134 4093 218 4142 oves
236 4094 349 4143 areca.
377 4071 460 4144 Hoc
477 4080 600 4142 autem
617 4091 692 4139 non
703 4061 916 4160 imperandi,
931 4058 996 4134 sed
1010 4055 1167 4132 docendi

133 4183 347 4257 mandatum
360 4194 414 4256 est
428 4215 437 4266 ;
464 4183 573 4278 idque
591 4179 732 4254 tamdiu
745 4186 901 4261 tantum,
916 4169 1092 4269 quamdiu
1105 4194 1170 4243 rex

135 4295 363 4371 Christianus
376 4320 450 4371 uon
463 4307 570 4384 esset,
582 4294 644 4390 qui
656 4300 874 4388 potestatem
885 4286 984 4365 illam
994 4284 1171 4382 potestati
