2926 4980
294 287 366 352 536
532 299 750 353 nrnnnnrx
769 302 825 352 nn
846 301 1107 354 nnvrnrnnn.

121 501 199 550 cup,
212 502 236 550 1,
294 465 512 540 tur—Cum
531 489 619 561 ergo
638 467 817 562 quaeritur
834 466 923 564 quid
948 468 1040 554 tria,
1057 467 1117 540 vel
1140 466 1241 563 quid
1265 477 1364 556 tres,

108 584 257 703 m
294 580 517 655 conferimus
535 603 601 651 nos
618 580 666 651 ad
683 580 945 652 inveniendum
957 579 1109 677 aliquod
1119 604 1270 653 nomen
1285 603 1365 676 quo

112 711 202 754 Nicro·
294 693 583 789 complectamur
612 693 690 766 haec
715 694 797 766 tria.
851 694 981 789 Neque
1009 695 1174 769 occurrit
1203 695 1363 778 animo;

295 808 381 904 quia
403 806 716 902 supereminentia
742 807 946 880 divinitatis
969 807 1098 880 usitati
1125 807 1274 904 eloquii
1304 808 1363 881 fa-

296 922 474 995 cultatem
492 921 673 994 excedit.”

346 1037 394 1108 A.
422 1036 508 1107 Non
538 1047 637 1108 recte
665 1059 703 1108 se
733 1047 884 1108 excusat
918 1034 1159 1130 Epiphanius.
1216 1035 1361 1110 Alieno

297 1150 395 1222 enim
412 1149 502 1222 vitio
521 1148 690 1244 compelli
716 1146 764 1220 ad
789 1148 999 1221 faciendum
1016 1147 1056 1221 id
1073 1147 1176 1244 quod
1195 1161 1257 1221 est
1284 1150 1360 1223 illi-

297 1264 423 1351 citum,
452 1263 531 1335 sine
550 1263 585 1334 vi
612 1275 676 1335 aut
699 1262 808 1334 minis
831 1286 939 1335 nemo
969 1272 1103 1356 potest.
1169 1262 1222 1335 Et
1250 1263 1361 1359 quod

298 1376 542 1449 Bellarminus
570 1376 739 1449 doctores
767 1399 853 1448 suos
876 1375 1130 1471 philosophice
1158 1376 1360 1473 disputare

297 1501 421 1584 negat,
451 1499 493 1560 ut
524 1490 722 1562 ostendant
754 1489 987 1578 Trinitatem,
1022 1488 1087 1562 sed
1121 1502 1165 1562 ut
1205 1490 1361 1564 solvant

299 1601 525 1698 sophismata
542 1601 856 1699 philosophorum,
870 1626 945 1675 non
963 1612 1019 1674 est
1036 1626 1177 1675 verum.
1229 1604 1359 1678 Utun-

299 1729 360 1788 tur
398 1716 496 1788 enim
528 1716 690 1812 theologi
725 1716 790 1805 illi,
822 1716 885 1813 qui
914 1715 1160 1812 expositiones
1191 1717 1359 1813 symboli

301 1829 433 1902 Niceni
461 1828 669 1918 ediderunt,
706 1853 833 1903 omnes
861 1829 939 1901 fere
973 1828 1255 1903 definitionibus
1291 1831 1360 1905 de-

302 1943 457 2037 sumptis
476 1968 522 2015 ex
540 1943 660 2039 logica
677 1957 716 2015 et
732 1943 986 2039 metaphysica
1003 1943 1214 2017 Aristotelis
1228 1974 1238 2028 ;
1269 1969 1360 2018 cum

301 2068 466 2129 sanctam
483 2057 703 2129 Trinitatem
721 2081 765 2129 ex
783 2056 863 2128 sola
881 2056 1073 2153 Scriptura
1091 2057 1207 2129 Sacra
1224 2070 1360 2131 osteu-

303 2171 389 2243 dere
408 2169 613 2243 debuerint.
668 2171 787 2242 Miror
797 2170 909 2241 etiam
927 2170 1088 2242 Nicenos
1106 2171 1246 2260 Patres,
1268 2195 1358 2245 cum

303 2295 360 2357 tot
388 2297 512 2356 essent
540 2283 636 2355 inter
664 2283 746 2355 illos
774 2281 994 2378 philosophi,
1020 2283 1134 2354 verba
1159 2281 1223 2355 illa
1245 2285 1358 2374 artiS,

303 2400 434 2494 quihus
461 2399 499 2469 in
525 2397 830 2492 explicationibus
856 2395 912 2467 usi
937 2407 1034 2484 sunt,
1055 2396 1094 2467 in
1113 2396 1233 2492 ipsum
1251 2421 1357 2495 sym-

303 2513 428 2584 bolum
447 2535 521 2582 non
539 2510 717 2582 intulisse.

354 2625 403 2696 B.
432 2624 526 2695 Mihi
543 2647 631 2694 vero
649 2623 739 2697 illud
753 2625 886 2697 mirum
904 2649 979 2696 non
999 2635 1067 2710 est,
1087 2621 1354 2711 consideranti,

306 2738 406 2834 quod
436 2738 472 2808 in
501 2736 649 2832 synodis
672 2739 824 2833 magniS,
844 2737 906 2833 qui
924 2736 1100 2809 audacter
1116 2759 1292 2831 perorare
1316 2750 1356 2810 et

306 2851 493 2946 disputare
511 2862 676 2946 possunt,
694 2852 802 2946 pauci
830 2851 915 2923 sint.
982 2849 1129 2945 Reliqui
1159 2873 1260 2944 ergo,
1288 2853 1355 2946 qui

306 2965 383 3037 sola
417 2963 479 3035 illa
513 2976 730 3057 argumenta
763 2966 1015 3059 approbarunt
1050 2987 1132 3059 quae
1162 2987 1207 3034 ex
1238 2964 1357 3038 Sacra

308 3076 498 3171 Scriptura
524 3076 635 3147 allata
658 3089 774 3162 crant,
808 3101 892 3148 cum
923 3099 1076 3147 numero
1105 3075 1356 3170 disputatores

308 3199 534 3284 superarent,
552 3188 659 3259 facile
677 3189 857 3283 suffragiis
884 3189 957 3261 suis
982 3189 1182 3272 evicerunt,
1201 3199 1243 3260 ut
1261 3190 1357 3264 nihil

308 3305 344 3374 in
364 3301 568 3398 symbolum
587 3302 844 3373 admitteretur
861 3314 995 3398 praeter
1014 3325 1151 3396 eaquae
1165 3323 1210 3371 ex
1229 3301 1357 3399 Scrip

309 3416 401 3489 turis
419 3427 545 3509 aperte
563 3414 825 3487 inferebantur.

360 3529 408 3598 Α.
438 3526 537 3601 Quid
572 3537 625 3598 est
660 3551 810 3623 corpur,
843 3525 931 3622 quid
960 3526 1231 3622 incorpoream,
1264 3529 1358 3623 quid

309 3640 503 3737 spiritus?

361 3755 409 3826 B.
438 3753 599 3825 Nomina
625 3754 687 3825 illa
713 3755 765 3825 ita
790 3753 942 3825 eruditis
962 3753 1131 3825 omnihus
1149 3753 1299 3848 cognita
1317 3768 1358 3828 et

310 3866 498 3939 intellecta
514 3865 591 3937 visa
605 3880 703 3955 sunt,
723 3880 765 3938 ut
778 3867 940 3938 nesciam
954 3890 1001 3938 an
1018 3866 1113 3939 ullus
1128 3879 1193 3939 aut
1210 3866 1356 3942 theolo-

310 4005 379 4076 gus
411 3992 475 4052 aut
508 3979 748 4075 philosophus
785 3979 1059 4051 ‹lelinitionibus
1094 4005 1137 4052 ea
1172 3980 1357 4075 explicare

312 4095 484 4189 dignatus
514 4093 573 4164 sit.
624 4094 682 4164 Tu
713 4118 801 4188 ergo
826 4095 930 4188 cujus
956 4092 1010 4162 rei
1037 4092 1156 4165 ideam
1174 4094 1212 4165 in
1230 4095 1356 4167 animo

311 4207 435 4296 habea,
454 4206 602 4301 quando
620 4207 761 4302 profers
787 4207 844 4277 vel
870 4206 1054 4301 prolatum
1073 4206 1178 4279 audis
1199 4208 1357 4279 vocabu-

306 4319 384 4392 lum
403 4320 493 4400 illud
511 4325 681 4416 eorpus?

116 4506 234 4656 κ
