2926 4980
371 399 425 452 oa
444 399 636 454 crvrrnra
657 399 922 452 carisomus.
1090 385 1158 452 351

133 568 380 642 emissarium!
432 569 573 642 Deinde
603 593 696 642 vera
728 577 775 643 8:
802 569 1002 642 Adsciscor
1035 575 1093 640 ert
1118 567 1165 640 de
1193 597 1270 646 car.
1285 596 1357 646 xnr.

133 690 240 754 terra
256 683 475 755 virentium:
495 692 659 780 propter
684 683 806 756 arelas
826 682 964 782 populi
979 681 1051 754 mei
1071 703 1165 779 per-
1191 677 1356 781 Dm

133 795 232 866 cassi
250 822 339 868 eum.
379 797 452 870 Hic
469 820 594 869 rursus
611 808 665 870 est
683 797 806 869 hircus
825 797 1058 869 sacrificatus.
1093 794 1165 866 De·
1192 802 1343 911 2225&

134 908 219 980 inde
253 933 346 982 vers
378 919 445 983 ll:
472 910 528 981 Et
554 910 637 1008 ipse
655 919 822 1006 peccata
848 907 1041 982 multorum
1067 905 1164 979 tulit.

136 1021 209 1093 Ubi
242 1045 367 1094 rursus
397 1022 614 1095 emissarius.
668 1021 875 1118 Utrumque
909 1045 998 1117 ergo
1023 1020 1165 1092 hircum

135 1157 229 1207 unus
252 1135 349 1208 valet
370 1160 486 1231 agnus
513 1135 593 1225 Dei,
612 1136 837 1208 sacrificatus
855 1135 892 1206 in
910 1157 1039 1218 cruce;
1069 1156 1166 1205 mor·

137 1260 211 1319 tem
228 1248 265 1319 in
284 1248 548 1321 resurrectione
566 1249 643 1344 ejus
660 1272 846 1344 superans,
858 1271 881 1320 a
894 1248 1001 1320 Patre
1018 1270 1084 1319 suo
1102 1270 1168 1341 op-

136 1371 293 1455 portune
310 1363 505 1434 suscitatus
520 1395 529 1445 ;
569 1373 606 1434 et
626 1386 649 1434 a
673 1373 771 1433 terra
787 1359 986 1435 viventium
1004 1373 1168 1432 remotus

136 1473 175 1545 in
192 1475 415 1546 ascensione.

189 1586 371 1660 Quoniam
398 1598 521 1660 autem
549 1585 777 1683 Redemptor
794 1588 855 1682 jus
873 1586 911 1659 in
928 1585 1169 1682 redemptum,

140 1710 334 1794 antequam
369 1700 527 1796 pretium
561 1699 719 1772 solutum
754 1700 813 1789 sit,
848 1699 988 1772 nullum
1024 1699 1169 1786 habeat,

138 1810 371 1885 manifestum
389 1825 445 1885 est
462 1813 698 1884 Servatorem
715 1824 894 1897 nostrum,
911 1824 998 1884 ante
1015 1824 1171 1884 mortem

140 1949 254 2013 suam,
274 1925 546 2022 redemptorum
568 1948 692 2018 regem
719 1948 793 1997 non
816 1924 939 1998 fuisse.
990 1924 1173 1998 Verunta-

139 2063 223 2111 men
240 2062 305 2133 per
322 2051 471 2133 pactum
489 2062 572 2110 cum
590 2038 667 2111 Deo
684 2039 723 2109 in
740 2038 920 2132 baptismo
945 2049 1171 2126 renovatum,

141 2151 291 2247 obligati
310 2163 406 2239 sunt,
425 2152 632 2246 quicunque
656 2152 900 2247 baptizantur,
919 2150 1064 2224 Christo
1087 2150 1173 2222 obe-

142 2264 219 2336 dire
236 2288 303 2359 pro
321 2288 408 2359 rege
426 2265 492 2336 sub
518 2264 625 2336 Patre
650 2267 740 2360 ejus
767 2275 855 2336 tunc
881 2262 1174 2361 quandocunque

142 2378 193 2450 illi
210 2378 387 2474 placuerit
404 2378 562 2450 officium
588 2378 684 2474 regis
707 2400 888 2451 exercere.
940 2378 1070 2473 Itaque
1093 2375 1177 2447 Ser-

144 2501 248 2564 vator
274 2501 399 2563 noster
424 2491 502 2587 ipse
528 2491 672 2563 disertis
701 2491 832 2578 verbis
863 2491 960 2582 (Joh.
978 2489 1077 2562 xviii.
1097 2487 1175 2579 36),

143 2629 296 2702 regnam
313 2628 438 2692 meari,
456 2604 587 2698 inquit,
602 2627 673 2676 aaa
691 2613 749 2675 est
765 2603 873 2699 lajas
887 2602 1023 2675 maadi.
1075 2602 1177 2676 Quo-

144 2717 241 2789 niam
259 2740 347 2812 ergo
363 2727 446 2812 post
463 2717 560 2789 hunc
578 2715 755 2788 mundum
772 2715 930 2788 mundus
945 2717 1091 2788 futurus
1117 2713 1178 2787 ille

144 2841 210 2918 est,
227 2831 267 2901 in
295 2852 367 2924 quo
396 2841 495 2901 terra
518 2852 624 2918 nova,
643 2840 682 2900 et
705 2827 787 2901 coeli
806 2838 914 2901 erunt
936 2828 1034 2916 novi,
1050 2828 1090 2900 id
1110 2839 1178 2916 est,

144 2955 228 3039 post
240 2942 555 3026 resurrectionem,
562 2941 794 3014 manifestum
808 2952 864 3013 est
877 2965 1030 3037 regnum
1044 2940 1180 3013 Christi

145 3070 231 3129 ante
249 3055 552 3128 resurrectionem
565 3055 798 3150 incepturum
811 3078 885 3126 non
902 3076 992 3126 esse.
1020 3052 1064 3125 ld
1081 3051 1181 3148 quod

146 3168 300 3263 intelligi
331 3168 440 3241 etiam
470 3166 579 3239 debet
605 3191 649 3239 ex
680 3167 800 3239 verbis
830 3166 1033 3240 Servatoris
1063 3166 1182 3240 nostri

149 3282 301 3373 (Matth.
320 3281 392 3352 xvi.
411 3280 475 3373 27)
494 3309 502 3352 ε
529 3279 649 3352 Filias
666 3279 820 3352 laminir
850 3279 971 3351 veniet
996 3278 1034 3351 ia
1049 3279 1182 3376 gloria

148 3394 282 3467 Patris
309 3393 379 3482 sai,
410 3417 489 3465 cam
516 3392 666 3490 angelis
689 3393 767 3464 sair
785 3420 798 3464 .·
824 3402 863 3464 et
890 3401 974 3464 tanc
1000 3390 1183 3464 retribuet

148 3506 342 3603 unicuiqae
369 3505 567 3577 ‚secandam
589 3527 708 3602 opera
737 3528 817 3576 aaa.
868 3504 951 3577 Jam
981 3503 1182 3576 retribuere

148 3621 345 3715 unicuique
359 3617 559 3690 secundum
577 3640 688 3712 opera
705 3641 782 3707 sua,
800 3617 897 3690 idem
914 3628 970 3690 est
986 3615 1085 3713 quod
1100 3639 1184 3712 reg-

148 3757 238 3806 num
254 3733 509 3805 administrare
525 3763 534 3816 ;
560 3742 599 3803 et
615 3742 822 3827 propterea,
841 3730 1008 3803 Christus
1028 3752 1183 3825 regnum

149 3847 379 3920 exerciturus
413 3868 487 3916 non
521 3857 576 3917 est
610 3855 807 3939 antequam
839 3842 962 3915 veniat
995 3842 1034 3915 in
1067 3840 1185 3937 gloria

151 3959 280 4045 Patris,
314 3980 445 4052 nempe
478 3966 562 4052 post
594 3958 898 4029 resurrectionem
932 3954 1184 4028 universalem.

153 4070 309 4145 Quando
328 4070 493 4142 Christus
511 4068 600 4141 dicit
616 4069 766 4160 (Matth.
781 4070 881 4142 xxiii.
900 4078 935 4157 2,
955 4071 1015 4162 3):
1042 4066 1185 4140 Scriboe

152 4194 190 4256 et
219 4182 410 4257 Pharisaei
436 4182 567 4254 sedeat
593 4181 632 4254 ia
666 4181 849 4254 cathedra
880 4181 1003 4252 Maria
1016 4207 1029 4252 .·
1065 4180 1186 4252 oemio

151 4319 246 4394 ergo
280 4318 504 4393 qaoecaaqae
519 4294 664 4390 facere
683 4293 830 4388 jubent,
853 4317 899 4366 ea
926 4291 1120 4367 obserate
1149 4302 1188 4366 et
