<?xml version="1.0" encoding="UTF-8"?>
<!DOCTYPE html PUBLIC "-//W3C//DTD XHTML 1.0 Transitional//EN"
    "http://www.w3.org/TR/xhtml1/DTD/xhtml1-transitional.dtd">
<html xmlns="http://www.w3.org/1999/xhtml" xml:lang="en" lang="en">
 <head>
  <title>
</title>
<meta http-equiv="Content-Type" content="text/html;charset=utf-8" />
  <meta name='ocr-system' content='tesseract 3.04.00' />
  <meta name='ocr-capabilities' content='ocr_page ocr_carea ocr_par ocr_line ocrx_word'/>
</head>
<body>
  <div class='ocr_page' id='page_1' title='image "./thomhobbesmalme02hobbgoog_0467.png"; bbox 0 0 2926 4980; ppageno 0'>
   <div class='ocr_carea' id='block_1_1' title="bbox 322 364 1113 433">
    <p class='ocr_par' dir='ltr' id='par_1_1' title="bbox 322 364 1113 433">
     <span class='ocr_line' id='line_1_1' title="bbox 322 364 1113 433; baseline -0.003 -1"><span class='ocrx_word' id='word_1_1' title='bbox 322 381 376 432; x_wconf 81' lang='lat' dir='ltr'><strong>on</strong></span> <span class='ocrx_word' id='word_1_2' title='bbox 397 380 538 433; x_wconf 76' lang='lat' dir='ltr'><strong>naono</strong></span> <span class='ocrx_word' id='word_1_3' title='bbox 558 377 864 432; x_wconf 71' lang='lat' dir='ltr'><strong>causasarum.</strong></span> <span class='ocrx_word' id='word_1_4' title='bbox 1040 364 1113 430; x_wconf 84' lang='lat'><strong>499</strong></span> 
     </span>
    </p>
   </div>
   <div class='ocr_carea' id='block_1_2' title="bbox 77 545 1312 4470">
    <p class='ocr_par' dir='ltr' id='par_1_2' title="bbox 77 545 1312 982">
     <span class='ocr_line' id='line_1_2' title="bbox 77 545 1312 641; baseline -0.004 -18"><span class='ocrx_word' id='word_1_5' title='bbox 77 551 215 623; x_wconf 77' lang='lat' dir='ltr'><strong>fictum.</strong></span> <span class='ocrx_word' id='word_1_6' title='bbox 287 547 407 619; x_wconf 80' lang='lat' dir='ltr'><strong>Entia</strong></span> <span class='ocrx_word' id='word_1_7' title='bbox 440 545 650 641; x_wconf 85' lang='lat' dir='ltr'><strong>hujusmodl</strong></span> <span class='ocrx_word' id='word_1_8' title='bbox 680 570 786 636; x_wconf 86' lang='lat' dir='ltr'><strong>nova,</strong></span> <span class='ocrx_word' id='word_1_9' title='bbox 821 545 946 635; x_wconf 79' lang='lat' dir='ltr'><strong>notha,</strong></span> <span class='ocrx_word' id='word_1_10' title='bbox 977 546 1312 636; x_wconf 54' lang='lat' dir='ltr'><strong>inanimcngxnvr,</strong></span> 
     </span>
     <span class='ocr_line' id='line_1_3' title="bbox 78 659 1297 765; baseline 0.002 -35"><span class='ocrx_word' id='word_1_11' title='bbox 78 663 198 736; x_wconf 89' lang='lat' dir='ltr'><strong>verbis</strong></span> <span class='ocrx_word' id='word_1_12' title='bbox 215 672 253 733; x_wconf 91' lang='lat' dir='ltr'><strong>et</strong></span> <span class='ocrx_word' id='word_1_13' title='bbox 268 660 420 732; x_wconf 88' lang='lat' dir='ltr'><strong>vocibus</strong></span> <span class='ocrx_word' id='word_1_14' title='bbox 445 659 654 754; x_wconf 88' lang='lat' dir='ltr'><strong>implicitus,</strong></span> <span class='ocrx_word' id='word_1_15' title='bbox 671 683 737 756; x_wconf 89' lang='lat' dir='ltr'><strong>per</strong></span> <span class='ocrx_word' id='word_1_16' title='bbox 760 659 1030 754; x_wconf 87' lang='lat' dir='ltr'><strong>copulationem</strong></span> <span class='ocrx_word' id='word_1_17' title='bbox 1047 684 1115 732; x_wconf 88' lang='lat' dir='ltr'><strong>uo-</strong></span> <span class='ocrx_word' id='word_1_18' title='bbox 1152 660 1297 765; x_wconf 42' lang='grc' dir='ltr'>ὦ</span> 
     </span>
     <span class='ocr_line' id='line_1_4' title="bbox 79 772 1273 870; baseline -0.003 -21"><span class='ocrx_word' id='word_1_19' title='bbox 79 775 220 849; x_wconf 92' lang='lat' dir='ltr'><strong>minum</strong></span> <span class='ocrx_word' id='word_1_20' title='bbox 234 774 332 846; x_wconf 92' lang='lat' dir='ltr'><strong>solus</strong></span> <span class='ocrx_word' id='word_1_21' title='bbox 349 773 477 868; x_wconf 87' lang='lat' dir='ltr'><strong>genuit</strong></span> <span class='ocrx_word' id='word_1_22' title='bbox 493 772 720 861; x_wconf 84' lang='lat' dir='ltr'><strong>Aristoteles,</strong></span> <span class='ocrx_word' id='word_1_23' title='bbox 734 772 987 869; x_wconf 84' lang='lat' dir='ltr'><strong>philosophiae,</strong></span> <span class='ocrx_word' id='word_1_24' title='bbox 1005 797 1115 870; x_wconf 88' lang='lat' dir='ltr'><strong>quam</strong></span> <span class='ocrx_word' id='word_1_25' title='bbox 1151 786 1180 829; x_wconf 65' lang='grc' dir='ltr'><strong><em>ὼ</em></strong></span> <span class='ocrx_word' id='word_1_26' title='bbox 1194 784 1273 858; x_wconf 58' lang='grc' dir='ltr'><strong>Μ’,</strong></span> 
     </span>
     <span class='ocr_line' id='line_1_5' title="bbox 78 848 1294 982; baseline -0.002 -19"><span class='ocrx_word' id='word_1_27' title='bbox 78 888 244 963; x_wconf 84' lang='lat' dir='ltr'><strong>fraudem</strong></span> <span class='ocrx_word' id='word_1_28' title='bbox 262 910 394 959; x_wconf 86' lang='lat' dir='ltr'><strong>vanam</strong></span> <span class='ocrx_word' id='word_1_29' title='bbox 409 886 569 982; x_wconf 86' lang='lat' dir='ltr'><strong>appellat</strong></span> <span class='ocrx_word' id='word_1_30' title='bbox 584 886 621 959; x_wconf 89' lang='lat' dir='ltr'><strong>S.</strong></span> <span class='ocrx_word' id='word_1_31' title='bbox 637 886 781 970; x_wconf 85' lang='lat' dir='ltr'><strong>Paulus,</strong></span> <span class='ocrx_word' id='word_1_32' title='bbox 792 885 973 982; x_wconf 89' lang='lat' dir='ltr'><strong>principia</strong></span> <span class='ocrx_word' id='word_1_33' title='bbox 984 887 1114 982; x_wconf 86' lang='lat' dir='ltr'><strong>prima.</strong></span> <span class='ocrx_word' id='word_1_34' title='bbox 1151 848 1294 909; x_wconf 53' lang='lat' dir='ltr'><strong>Pmmpm</strong></span> 
     </span>
    </p>

    <p class='ocr_par' dir='ltr' id='par_1_3' title="bbox 78 997 1121 3129">
     <span class='ocr_line' id='line_1_6' title="bbox 129 997 1115 1095; baseline 0 -22"><span class='ocrx_word' id='word_1_35' title='bbox 129 1002 187 1073; x_wconf 84' lang='lat' dir='ltr'><strong>Ab</strong></span> <span class='ocrx_word' id='word_1_36' title='bbox 205 1002 274 1074; x_wconf 90' lang='lat' dir='ltr'><strong>hac</strong></span> <span class='ocrx_word' id='word_1_37' title='bbox 292 999 461 1073; x_wconf 88' lang='lat' dir='ltr'><strong>doctrina</strong></span> <span class='ocrx_word' id='word_1_38' title='bbox 478 998 523 1071; x_wconf 91' lang='lat' dir='ltr'><strong>de</strong></span> <span class='ocrx_word' id='word_1_39' title='bbox 541 998 714 1071; x_wconf 74' lang='lat' dir='ltr'><em>essentiis</em></span> <span class='ocrx_word' id='word_1_40' title='bbox 732 1010 770 1071; x_wconf 89' lang='lat' dir='ltr'><strong>et</strong></span> <span class='ocrx_word' id='word_1_41' title='bbox 781 998 927 1095; x_wconf 83' lang='lat' dir='ltr'><strong>formis</strong></span> <span class='ocrx_word' id='word_1_42' title='bbox 943 997 1115 1073; x_wconf 81' lang='lat' dir='ltr'><strong>substan-</strong></span> 
     </span>
     <span class='ocr_line' id='line_1_7' title="bbox 81 1111 1117 1210; baseline -0.002 -23"><span class='ocrx_word' id='word_1_43' title='bbox 81 1113 237 1187; x_wconf 79' lang='lat' dir='ltr'><strong>tialibus</strong></span> <span class='ocrx_word' id='word_1_44' title='bbox 264 1111 457 1210; x_wconf 81' lang='lat' dir='ltr'><strong>separatis</strong></span> <span class='ocrx_word' id='word_1_45' title='bbox 485 1111 753 1209; x_wconf 86' lang='lat' dir='ltr'><strong>daemonologia</strong></span> <span class='ocrx_word' id='word_1_46' title='bbox 770 1111 983 1184; x_wconf 79' lang='lat' dir='ltr'><strong>Graecorum</strong></span> <span class='ocrx_word' id='word_1_47' title='bbox 999 1112 1038 1185; x_wconf 90' lang='lat' dir='ltr'><strong>in</strong></span> <span class='ocrx_word' id='word_1_48' title='bbox 1056 1135 1117 1186; x_wconf 88' lang='lat' dir='ltr'><strong>ec·</strong></span> 
     </span>
     <span class='ocr_line' id='line_1_8' title="bbox 81 1224 1116 1321; baseline -0.003 -21"><span class='ocrx_word' id='word_1_49' title='bbox 81 1228 203 1312; x_wconf 82' lang='lat' dir='ltr'><strong>alesia,</strong></span> <span class='ocrx_word' id='word_1_50' title='bbox 217 1238 260 1299; x_wconf 89' lang='lat' dir='ltr'><strong>ut</strong></span> <span class='ocrx_word' id='word_1_51' title='bbox 276 1225 365 1313; x_wconf 86' lang='lat' dir='ltr'><strong>dixi,</strong></span> <span class='ocrx_word' id='word_1_52' title='bbox 382 1224 511 1298; x_wconf 88' lang='lat' dir='ltr'><strong>relicta</strong></span> <span class='ocrx_word' id='word_1_53' title='bbox 527 1236 583 1298; x_wconf 92' lang='lat' dir='ltr'><strong>est</strong></span> <span class='ocrx_word' id='word_1_54' title='bbox 598 1256 607 1304; x_wconf 77' lang='grc' dir='ltr'>ι</span> <span class='ocrx_word' id='word_1_55' title='bbox 634 1236 672 1297; x_wconf 91' lang='lat' dir='ltr'><strong>et</strong></span> <span class='ocrx_word' id='word_1_56' title='bbox 688 1225 898 1321; x_wconf 81' lang='lat' dir='ltr'><strong>superstitio</strong></span> <span class='ocrx_word' id='word_1_57' title='bbox 915 1225 988 1313; x_wconf 89' lang='lat' dir='ltr'><strong>illa,</strong></span> <span class='ocrx_word' id='word_1_58' title='bbox 1006 1249 1116 1321; x_wconf 86' lang='lat' dir='ltr'><strong>quam</strong></span> 
     </span>
     <span class='ocr_line' id='line_1_9' title="bbox 81 1337 1118 1434; baseline 0 -22"><span class='ocrx_word' id='word_1_59' title='bbox 81 1340 320 1431; x_wconf 75' lang='grc' dir='ltr'>δεισιδαιμονίαν</span> <span class='ocrx_word' id='word_1_60' title='bbox 352 1350 487 1411; x_wconf 86' lang='lat' dir='ltr'><strong>vocant</strong></span> <span class='ocrx_word' id='word_1_61' title='bbox 511 1337 641 1426; x_wconf 86' lang='lat' dir='ltr'><strong>Graeci,</strong></span> <span class='ocrx_word' id='word_1_62' title='bbox 672 1338 748 1411; x_wconf 87' lang='lat' dir='ltr'><strong>sive</strong></span> <span class='ocrx_word' id='word_1_63' title='bbox 776 1349 913 1411; x_wconf 90' lang='lat' dir='ltr'><strong>metum</strong></span> <span class='ocrx_word' id='word_1_64' title='bbox 946 1339 1118 1434; x_wconf 87' lang='lat' dir='ltr'><strong>phantas-</strong></span> 
     </span>
     <span class='ocr_line' id='line_1_10' title="bbox 82 1450 1118 1541; baseline -0.002 -14"><span class='ocrx_word' id='word_1_65' title='bbox 82 1465 233 1527; x_wconf 89' lang='lat' dir='ltr'><strong>matum.</strong></span> <span class='ocrx_word' id='word_1_66' title='bbox 298 1450 388 1524; x_wconf 88' lang='lat' dir='ltr'><strong>lude</strong></span> <span class='ocrx_word' id='word_1_67' title='bbox 416 1450 703 1524; x_wconf 84' lang='lat' dir='ltr'><strong>exorcismorum</strong></span> <span class='ocrx_word' id='word_1_68' title='bbox 728 1474 817 1524; x_wconf 89' lang='lat' dir='ltr'><strong>usus</strong></span> <span class='ocrx_word' id='word_1_69' title='bbox 853 1461 954 1524; x_wconf 91' lang='lat' dir='ltr'><strong>ortus</strong></span> <span class='ocrx_word' id='word_1_70' title='bbox 981 1464 1049 1541; x_wconf 89' lang='lat' dir='ltr'><strong>est,</strong></span> <span class='ocrx_word' id='word_1_71' title='bbox 1079 1463 1118 1525; x_wconf 93' lang='lat' dir='ltr'><strong>et</strong></span> 
     </span>
     <span class='ocr_line' id='line_1_11' title="bbox 82 1563 1117 1664; baseline -0.002 -23"><span class='ocrx_word' id='word_1_72' title='bbox 82 1567 178 1664; x_wconf 91' lang='lat' dir='ltr'><strong>signi</strong></span> <span class='ocrx_word' id='word_1_73' title='bbox 203 1565 334 1653; x_wconf 87' lang='lat' dir='ltr'><strong>crucis,</strong></span> <span class='ocrx_word' id='word_1_74' title='bbox 352 1576 390 1638; x_wconf 89' lang='lat' dir='ltr'><strong>et</strong></span> <span class='ocrx_word' id='word_1_75' title='bbox 415 1587 520 1661; x_wconf 86' lang='lat' dir='ltr'><strong>aquae</strong></span> <span class='ocrx_word' id='word_1_76' title='bbox 549 1563 763 1654; x_wconf 71' lang='lat' dir='ltr'><strong>benedictae,</strong></span> <span class='ocrx_word' id='word_1_77' title='bbox 786 1565 918 1661; x_wconf 89' lang='lat' dir='ltr'><strong>quihus</strong></span> <span class='ocrx_word' id='word_1_78' title='bbox 945 1577 1117 1639; x_wconf 71' lang='lat' dir='ltr'><strong>exoauta</strong></span> 
     </span>
     <span class='ocr_line' id='line_1_12' title="bbox 82 1678 1117 1775; baseline -0.001 -22"><span class='ocrx_word' id='word_1_79' title='bbox 82 1691 211 1753; x_wconf 92' lang='lat' dir='ltr'><strong>rentur</strong></span> <span class='ocrx_word' id='word_1_80' title='bbox 227 1690 292 1752; x_wconf 86' lang='lat' dir='ltr'><strong>aut</strong></span> <span class='ocrx_word' id='word_1_81' title='bbox 308 1678 565 1775; x_wconf 82' lang='lat' dir='ltr'><strong>abigerentur:</strong></span> <span class='ocrx_word' id='word_1_82' title='bbox 593 1678 725 1751; x_wconf 89' lang='lat' dir='ltr'><strong>deinde</strong></span> <span class='ocrx_word' id='word_1_83' title='bbox 742 1690 830 1751; x_wconf 88' lang='lat' dir='ltr'><strong>nata</strong></span> <span class='ocrx_word' id='word_1_84' title='bbox 847 1691 905 1751; x_wconf 88' lang='lat' dir='ltr'><strong>est</strong></span> <span class='ocrx_word' id='word_1_85' title='bbox 928 1679 1052 1774; x_wconf 89' lang='lat' dir='ltr'><strong>opinio</strong></span> <span class='ocrx_word' id='word_1_86' title='bbox 1071 1679 1117 1752; x_wconf 86' lang='lat' dir='ltr'><strong>de</strong></span> 
     </span>
     <span class='ocr_line' id='line_1_13' title="bbox 82 1791 1117 1887; baseline -0.001 -21"><span class='ocrx_word' id='word_1_87' title='bbox 82 1791 294 1867; x_wconf 77' lang='lat' dir='ltr'><strong>substantiis</strong></span> <span class='ocrx_word' id='word_1_88' title='bbox 321 1791 557 1887; x_wconf 89' lang='lat' dir='ltr'><strong>incorporeis,</strong></span> <span class='ocrx_word' id='word_1_89' title='bbox 582 1791 711 1880; x_wconf 89' lang='lat' dir='ltr'><strong>idest,</strong></span> <span class='ocrx_word' id='word_1_90' title='bbox 737 1791 875 1864; x_wconf 89' lang='lat' dir='ltr'><strong>nullam</strong></span> <span class='ocrx_word' id='word_1_91' title='bbox 899 1792 1117 1865; x_wconf 87' lang='lat' dir='ltr'><strong>habentibus</strong></span> 
     </span>
     <span class='ocr_line' id='line_1_14' title="bbox 84 1903 1117 2002; baseline -0.002 -22"><span class='ocrx_word' id='word_1_92' title='bbox 84 1907 232 1980; x_wconf 90' lang='lat' dir='ltr'><strong>omnino</strong></span> <span class='ocrx_word' id='word_1_93' title='bbox 249 1905 551 2002; x_wconf 81' lang='lat' dir='ltr'><strong>magnitudinem,</strong></span> <span class='ocrx_word' id='word_1_94' title='bbox 569 1916 607 1977; x_wconf 90' lang='lat' dir='ltr'><strong>et</strong></span> <span class='ocrx_word' id='word_1_95' title='bbox 624 1903 723 2001; x_wconf 94' lang='lat' dir='ltr'><strong>quod</strong></span> <span class='ocrx_word' id='word_1_96' title='bbox 748 1905 847 1977; x_wconf 90' lang='lat' dir='ltr'><strong>Deus</strong></span> <span class='ocrx_word' id='word_1_97' title='bbox 864 1904 941 2000; x_wconf 89' lang='lat' dir='ltr'><strong>ipse</strong></span> <span class='ocrx_word' id='word_1_98' title='bbox 958 1906 1117 2002; x_wconf 90' lang='lat' dir='ltr'><strong>optimus</strong></span> 
     </span>
     <span class='ocr_line' id='line_1_15' title="bbox 84 2017 1118 2115; baseline 0 -23"><span class='ocrx_word' id='word_1_99' title='bbox 84 2020 262 2093; x_wconf 82' lang='lat' dir='ltr'><strong>maximus</strong></span> <span class='ocrx_word' id='word_1_100' title='bbox 295 2017 584 2115; x_wconf 84' lang='lat' dir='ltr'><strong>magnitudinem</strong></span> <span class='ocrx_word' id='word_1_101' title='bbox 614 2041 690 2090; x_wconf 92' lang='lat' dir='ltr'><strong>non</strong></span> <span class='ocrx_word' id='word_1_102' title='bbox 716 2017 881 2107; x_wconf 87' lang='lat' dir='ltr'><strong>haberet,</strong></span> <span class='ocrx_word' id='word_1_103' title='bbox 909 2042 1118 2115; x_wconf 86' lang='lat' dir='ltr'><strong>quanquam</strong></span> 
     </span>
     <span class='ocr_line' id='line_1_16' title="bbox 84 2129 1118 2228; baseline -0.001 -23"><span class='ocrx_word' id='word_1_104' title='bbox 84 2156 202 2228; x_wconf 88' lang='lat' dir='ltr'><strong>neque</strong></span> <span class='ocrx_word' id='word_1_105' title='bbox 234 2130 448 2203; x_wconf 80' lang='lat' dir='ltr'><strong>substantia</strong></span> <span class='ocrx_word' id='word_1_106' title='bbox 483 2129 718 2227; x_wconf 81' lang='lat' dir='ltr'><strong>incorporeo,</strong></span> <span class='ocrx_word' id='word_1_107' title='bbox 753 2154 872 2227; x_wconf 89' lang='lat' dir='ltr'><strong>neque</strong></span> <span class='ocrx_word' id='word_1_108' title='bbox 906 2130 1118 2204; x_wconf 81' lang='lat' dir='ltr'><strong>substantia</strong></span> 
     </span>
     <span class='ocr_line' id='line_1_17' title="bbox 84 2242 1118 2337; baseline 0 -20"><span class='ocrx_word' id='word_1_109' title='bbox 84 2242 344 2317; x_wconf 82' lang='lat' dir='ltr'><strong>immaterialis</strong></span> <span class='ocrx_word' id='word_1_110' title='bbox 361 2244 401 2315; x_wconf 91' lang='lat' dir='ltr'><strong>in</strong></span> <span class='ocrx_word' id='word_1_111' title='bbox 418 2242 608 2337; x_wconf 86' lang='lat' dir='ltr'><strong>Scriptura</strong></span> <span class='ocrx_word' id='word_1_112' title='bbox 622 2244 734 2317; x_wconf 88' lang='lat' dir='ltr'><strong>Sacra</strong></span> <span class='ocrx_word' id='word_1_113' title='bbox 750 2243 969 2318; x_wconf 89' lang='lat' dir='ltr'><strong>inveniatur.</strong></span> <span class='ocrx_word' id='word_1_114' title='bbox 1012 2246 1118 2334; x_wconf 86' lang='lat' dir='ltr'><strong>Item,</strong></span> 
     </span>
     <span class='ocr_line' id='line_1_18' title="bbox 85 2355 1119 2453; baseline -0.001 -23"><span class='ocrx_word' id='word_1_115' title='bbox 85 2357 186 2452; x_wconf 92' lang='lat' dir='ltr'><strong>quod</strong></span> <span class='ocrx_word' id='word_1_116' title='bbox 215 2356 340 2428; x_wconf 81' lang='lat' dir='ltr'><strong>anima</strong></span> <span class='ocrx_word' id='word_1_117' title='bbox 370 2365 428 2428; x_wconf 87' lang='lat' dir='ltr'><strong>est</strong></span> <span class='ocrx_word' id='word_1_118' title='bbox 458 2365 539 2427; x_wconf 83' lang='lat' dir='ltr'><strong>tora</strong></span> <span class='ocrx_word' id='word_1_119' title='bbox 562 2355 601 2427; x_wconf 82' lang='lat' dir='ltr'><strong>in</strong></span> <span class='ocrx_word' id='word_1_120' title='bbox 632 2364 720 2443; x_wconf 86' lang='lat' dir='ltr'><strong>toto,</strong></span> <span class='ocrx_word' id='word_1_121' title='bbox 738 2365 776 2428; x_wconf 86' lang='lat' dir='ltr'><strong>et</strong></span> <span class='ocrx_word' id='word_1_122' title='bbox 801 2367 882 2429; x_wconf 85' lang='lat' dir='ltr'><strong>tota</strong></span> <span class='ocrx_word' id='word_1_123' title='bbox 901 2357 938 2429; x_wconf 81' lang='lat' dir='ltr'><strong>in</strong></span> <span class='ocrx_word' id='word_1_124' title='bbox 952 2355 1119 2453; x_wconf 80' lang='lat' dir='ltr'><strong>qualibet</strong></span> 
     </span>
     <span class='ocr_line' id='line_1_19' title="bbox 78 2465 1121 2566; baseline 0.002 -25"><span class='ocrx_word' id='word_1_125' title='bbox 78 2478 198 2566; x_wconf 84' lang='lat' dir='ltr'><strong>parte</strong></span> <span class='ocrx_word' id='word_1_126' title='bbox 215 2467 399 2565; x_wconf 85' lang='lat' dir='ltr'><strong>corporis.</strong></span> <span class='ocrx_word' id='word_1_127' title='bbox 450 2467 506 2539; x_wconf 83' lang='lat' dir='ltr'><strong>Ex</strong></span> <span class='ocrx_word' id='word_1_128' title='bbox 524 2465 651 2539; x_wconf 88' lang='lat' dir='ltr'><strong>eodem</strong></span> <span class='ocrx_word' id='word_1_129' title='bbox 668 2468 771 2540; x_wconf 83' lang='lat' dir='ltr'><strong>fonte</strong></span> <span class='ocrx_word' id='word_1_130' title='bbox 788 2481 871 2542; x_wconf 86' lang='lat' dir='ltr'><strong>orta</strong></span> <span class='ocrx_word' id='word_1_131' title='bbox 887 2481 943 2542; x_wconf 90' lang='lat' dir='ltr'><strong>est</strong></span> <span class='ocrx_word' id='word_1_132' title='bbox 954 2470 1121 2543; x_wconf 88' lang='lat' dir='ltr'><strong>doctrina</strong></span> 
     </span>
     <span class='ocr_line' id='line_1_20' title="bbox 85 2579 1120 2676; baseline 0.002 -22"><span class='ocrx_word' id='word_1_133' title='bbox 85 2591 164 2654; x_wconf 84' lang='lat' dir='ltr'><strong>tota</strong></span> <span class='ocrx_word' id='word_1_134' title='bbox 181 2580 227 2652; x_wconf 93' lang='lat' dir='ltr'><strong>de</strong></span> <span class='ocrx_word' id='word_1_135' title='bbox 244 2580 471 2676; x_wconf 88' lang='lat' dir='ltr'><strong>purgatori0,</strong></span> <span class='ocrx_word' id='word_1_136' title='bbox 489 2579 587 2652; x_wconf 90' lang='lat' dir='ltr'><strong>etde</strong></span> <span class='ocrx_word' id='word_1_137' title='bbox 606 2581 833 2676; x_wconf 87' lang='lat' dir='ltr'><strong>apparitione</strong></span> <span class='ocrx_word' id='word_1_138' title='bbox 844 2594 1025 2656; x_wconf 87' lang='lat' dir='ltr'><strong>nocturna</strong></span> <span class='ocrx_word' id='word_1_139' title='bbox 1041 2585 1120 2656; x_wconf 91' lang='lat' dir='ltr'><strong>ani-</strong></span> 
     </span>
     <span class='ocr_line' id='line_1_21' title="bbox 86 2684 1120 2790; baseline 0.006 -24"><span class='ocrx_word' id='word_1_140' title='bbox 86 2717 241 2781; x_wconf 87' lang='lat' dir='ltr'><strong>mamm,</strong></span> <span class='ocrx_word' id='word_1_141' title='bbox 259 2703 297 2764; x_wconf 90' lang='lat' dir='ltr'><strong>et</strong></span> <span class='ocrx_word' id='word_1_142' title='bbox 313 2691 469 2787; x_wconf 84' lang='lat' dir='ltr'><strong>legenda</strong></span> <span class='ocrx_word' id='word_1_143' title='bbox 493 2691 763 2784; x_wconf 91' lang='lat' dir='ltr'><strong>miraculorum,</strong></span> <span class='ocrx_word' id='word_1_144' title='bbox 781 2708 820 2768; x_wconf 90' lang='lat' dir='ltr'><strong>et</strong></span> <span class='ocrx_word' id='word_1_145' title='bbox 837 2684 1057 2790; x_wconf 72' lang='lat' dir='ltr'><strong>quaestiones</strong></span> <span class='ocrx_word' id='word_1_146' title='bbox 1075 2698 1120 2772; x_wconf 91' lang='lat' dir='ltr'><strong>de</strong></span> 
     </span>
     <span class='ocr_line' id='line_1_22' title="bbox 86 2805 1120 2905; baseline 0.005 -25"><span class='ocrx_word' id='word_1_147' title='bbox 86 2807 216 2880; x_wconf 90' lang='lat' dir='ltr'><strong>animis</strong></span> <span class='ocrx_word' id='word_1_148' title='bbox 241 2805 492 2901; x_wconf 89' lang='lat' dir='ltr'><strong>reproborum,</strong></span> <span class='ocrx_word' id='word_1_149' title='bbox 514 2805 589 2893; x_wconf 93' lang='lat' dir='ltr'><strong>ubi,</strong></span> <span class='ocrx_word' id='word_1_150' title='bbox 617 2816 762 2879; x_wconf 88' lang='lat' dir='ltr'><strong>etcum</strong></span> <span class='ocrx_word' id='word_1_151' title='bbox 793 2808 868 2882; x_wconf 89' lang='lat' dir='ltr'><strong>sint</strong></span> <span class='ocrx_word' id='word_1_152' title='bbox 889 2809 1120 2905; x_wconf 88' lang='lat' dir='ltr'><strong>impatibiles,</strong></span> 
     </span>
     <span class='ocr_line' id='line_1_23' title="bbox 87 2916 1121 3021; baseline 0.005 -29"><span class='ocrx_word' id='word_1_153' title='bbox 87 2918 270 3016; x_wconf 92' lang='lat' dir='ltr'><strong>quomodo</strong></span> <span class='ocrx_word' id='word_1_154' title='bbox 287 2919 489 3014; x_wconf 90' lang='lat' dir='ltr'><strong>puniuntur</strong></span> <span class='ocrx_word' id='word_1_155' title='bbox 503 2948 512 3000; x_wconf 90' lang='lat'>;</span> <span class='ocrx_word' id='word_1_156' title='bbox 539 2916 682 3014; x_wconf 87' lang='lat' dir='ltr'><strong>aliaque</strong></span> <span class='ocrx_word' id='word_1_157' title='bbox 694 2918 812 2993; x_wconf 91' lang='lat' dir='ltr'><strong>multa</strong></span> <span class='ocrx_word' id='word_1_158' title='bbox 829 2944 911 3017; x_wconf 90' lang='lat' dir='ltr'><strong>quae</strong></span> <span class='ocrx_word' id='word_1_159' title='bbox 925 2945 1000 2996; x_wconf 90' lang='lat' dir='ltr'><strong>non</strong></span> <span class='ocrx_word' id='word_1_160' title='bbox 1017 2947 1121 3021; x_wconf 88' lang='lat' dir='ltr'><strong>repe-</strong></span> 
     </span>
     <span class='ocr_line' id='line_1_24' title="bbox 87 3032 632 3129; baseline -0.004 -24"><span class='ocrx_word' id='word_1_161' title='bbox 87 3034 232 3106; x_wconf 91' lang='lat' dir='ltr'><strong>riuntur</strong></span> <span class='ocrx_word' id='word_1_162' title='bbox 244 3033 283 3106; x_wconf 93' lang='lat' dir='ltr'><strong>in</strong></span> <span class='ocrx_word' id='word_1_163' title='bbox 301 3032 492 3129; x_wconf 86' lang='lat' dir='ltr'><strong>Scriptura</strong></span> <span class='ocrx_word' id='word_1_164' title='bbox 509 3032 632 3104; x_wconf 90' lang='lat' dir='ltr'><strong>Sacra.</strong></span> 
     </span>
    </p>

    <p class='ocr_par' dir='ltr' id='par_1_4' title="bbox 87 3144 1125 3807">
     <span class='ocr_line' id='line_1_25' title="bbox 138 3144 1123 3241; baseline 0.002 -21"><span class='ocrx_word' id='word_1_165' title='bbox 138 3146 249 3221; x_wconf 77' lang='lat' dir='ltr'><strong>Quod</strong></span> <span class='ocrx_word' id='word_1_166' title='bbox 276 3169 409 3241; x_wconf 86' lang='lat' dir='ltr'><strong>corpus</strong></span> <span class='ocrx_word' id='word_1_167' title='bbox 439 3145 537 3217; x_wconf 91' lang='lat' dir='ltr'><strong>idem</strong></span> <span class='ocrx_word' id='word_1_168' title='bbox 564 3144 603 3216; x_wconf 88' lang='lat' dir='ltr'><strong>in</strong></span> <span class='ocrx_word' id='word_1_169' title='bbox 632 3144 798 3240; x_wconf 92' lang='lat' dir='ltr'><strong>pluribus</strong></span> <span class='ocrx_word' id='word_1_170' title='bbox 824 3146 931 3220; x_wconf 88' lang='lat' dir='ltr'><strong>simul</strong></span> <span class='ocrx_word' id='word_1_171' title='bbox 956 3148 1058 3238; x_wconf 76' lang='lat' dir='ltr'><strong>losio,</strong></span> <span class='ocrx_word' id='word_1_172' title='bbox 1085 3161 1123 3222; x_wconf 91' lang='lat' dir='ltr'><strong>et</strong></span> 
     </span>
     <span class='ocr_line' id='line_1_26' title="bbox 87 3256 1122 3356; baseline 0.003 -25"><span class='ocrx_word' id='word_1_173' title='bbox 87 3260 193 3356; x_wconf 92' lang='lat' dir='ltr'><strong>plura</strong></span> <span class='ocrx_word' id='word_1_174' title='bbox 210 3283 364 3355; x_wconf 87' lang='lat' dir='ltr'><strong>corpora</strong></span> <span class='ocrx_word' id='word_1_175' title='bbox 380 3259 419 3331; x_wconf 92' lang='lat' dir='ltr'><strong>in</strong></span> <span class='ocrx_word' id='word_1_176' title='bbox 436 3257 566 3330; x_wconf 90' lang='lat' dir='ltr'><strong>eodem</strong></span> <span class='ocrx_word' id='word_1_177' title='bbox 579 3256 685 3330; x_wconf 89' lang='lat' dir='ltr'><strong>simul</strong></span> <span class='ocrx_word' id='word_1_178' title='bbox 702 3257 785 3332; x_wconf 90' lang='lat' dir='ltr'><strong>loco</strong></span> <span class='ocrx_word' id='word_1_179' title='bbox 802 3283 881 3333; x_wconf 88' lang='lat' dir='ltr'><strong>esse</strong></span> <span class='ocrx_word' id='word_1_180' title='bbox 899 3260 1038 3350; x_wconf 91' lang='lat' dir='ltr'><strong>dicunt,</strong></span> <span class='ocrx_word' id='word_1_181' title='bbox 1057 3285 1122 3334; x_wconf 86' lang='lat' dir='ltr'><strong>ne·</strong></span> 
     </span>
     <span class='ocr_line' id='line_1_27' title="bbox 89 3370 1124 3470; baseline 0.004 -26"><span class='ocrx_word' id='word_1_182' title='bbox 89 3397 160 3470; x_wconf 86' lang='lat' dir='ltr'><strong>que</strong></span> <span class='ocrx_word' id='word_1_183' title='bbox 185 3372 404 3461; x_wconf 88' lang='lat' dir='ltr'><strong>Aristotelis,</strong></span> <span class='ocrx_word' id='word_1_184' title='bbox 422 3394 542 3468; x_wconf 87' lang='lat' dir='ltr'><strong>neque</strong></span> <span class='ocrx_word' id='word_1_185' title='bbox 571 3370 790 3468; x_wconf 89' lang='lat' dir='ltr'><strong>philosophi,</strong></span> <span class='ocrx_word' id='word_1_186' title='bbox 818 3397 937 3470; x_wconf 88' lang='lat' dir='ltr'><strong>neque</strong></span> <span class='ocrx_word' id='word_1_187' title='bbox 967 3374 1124 3448; x_wconf 89' lang='lat' dir='ltr'><strong>hominis</strong></span> 
     </span>
     <span class='ocr_line' id='line_1_28' title="bbox 89 3485 1124 3584; baseline 0.003 -26"><span class='ocrx_word' id='word_1_188' title='bbox 89 3487 305 3583; x_wconf 87' lang='lat' dir='ltr'><strong>cujusquam</strong></span> <span class='ocrx_word' id='word_1_189' title='bbox 328 3486 407 3559; x_wconf 88' lang='lat' dir='ltr'><strong>sani</strong></span> <span class='ocrx_word' id='word_1_190' title='bbox 432 3497 488 3558; x_wconf 88' lang='lat' dir='ltr'><strong>est</strong></span> <span class='ocrx_word' id='word_1_191' title='bbox 516 3496 657 3581; x_wconf 88' lang='lat' dir='ltr'><strong>putare.</strong></span> <span class='ocrx_word' id='word_1_192' title='bbox 710 3486 784 3558; x_wconf 91' lang='lat' dir='ltr'><strong>Sed</strong></span> <span class='ocrx_word' id='word_1_193' title='bbox 809 3485 882 3559; x_wconf 90' lang='lat' dir='ltr'><strong>diei</strong></span> <span class='ocrx_word' id='word_1_194' title='bbox 907 3488 1124 3584; x_wconf 87' lang='lat' dir='ltr'><strong>expediebat</strong></span> 
     </span>
     <span class='ocr_line' id='line_1_29' title="bbox 89 3598 1125 3692; baseline 0.001 -20"><span class='ocrx_word' id='word_1_195' title='bbox 89 3599 136 3672; x_wconf 90' lang='lat' dir='ltr'><strong>ad</strong></span> <span class='ocrx_word' id='word_1_196' title='bbox 154 3599 430 3672; x_wconf 90' lang='lat' dir='ltr'><strong>sustentandam</strong></span> <span class='ocrx_word' id='word_1_197' title='bbox 450 3598 682 3692; x_wconf 76' lang='lat' dir='ltr'><strong>praesentiam</strong></span> <span class='ocrx_word' id='word_1_198' title='bbox 700 3599 834 3672; x_wconf 86' lang='lat' dir='ltr'><strong>realem</strong></span> <span class='ocrx_word' id='word_1_199' title='bbox 851 3602 971 3673; x_wconf 86' lang='lat' dir='ltr'><strong>carnis</strong></span> <span class='ocrx_word' id='word_1_200' title='bbox 990 3602 1125 3675; x_wconf 87' lang='lat' dir='ltr'><strong>Christi</strong></span> 
     </span>
     <span class='ocr_line' id='line_1_30' title="bbox 90 3713 601 3807; baseline -0.002 -23"><span class='ocrx_word' id='word_1_201' title='bbox 90 3713 129 3784; x_wconf 91' lang='lat' dir='ltr'><strong>iu</strong></span> <span class='ocrx_word' id='word_1_202' title='bbox 146 3713 246 3784; x_wconf 90' lang='lat' dir='ltr'><strong>omui</strong></span> <span class='ocrx_word' id='word_1_203' title='bbox 265 3736 360 3807; x_wconf 88' lang='lat' dir='ltr'><strong>pane</strong></span> <span class='ocrx_word' id='word_1_204' title='bbox 377 3723 601 3784; x_wconf 88' lang='lat' dir='ltr'><strong>consecrato.</strong></span> 
     </span>
    </p>

    <p class='ocr_par' dir='ltr' id='par_1_5' title="bbox 90 3826 1126 4353">
     <span class='ocr_line' id='line_1_31' title="bbox 142 3826 1126 3926; baseline 0.003 -26"><span class='ocrx_word' id='word_1_205' title='bbox 142 3826 252 3900; x_wconf 77' lang='lat' dir='ltr'><strong>Quod</strong></span> <span class='ocrx_word' id='word_1_206' title='bbox 269 3827 416 3900; x_wconf 84' lang='lat' dir='ltr'><strong>volendi</strong></span> <span class='ocrx_word' id='word_1_207' title='bbox 433 3851 542 3900; x_wconf 87' lang='lat' dir='ltr'><strong>causa</strong></span> <span class='ocrx_word' id='word_1_208' title='bbox 559 3829 607 3901; x_wconf 92' lang='lat' dir='ltr'><strong>sit</strong></span> <span class='ocrx_word' id='word_1_209' title='bbox 619 3827 802 3918; x_wconf 80' lang='lat' dir='ltr'><strong>voluntas,</strong></span> <span class='ocrx_word' id='word_1_210' title='bbox 820 3828 858 3902; x_wconf 94' lang='lat' dir='ltr'><strong>id</strong></span> <span class='ocrx_word' id='word_1_211' title='bbox 876 3839 943 3918; x_wconf 89' lang='lat' dir='ltr'><strong>est,</strong></span> <span class='ocrx_word' id='word_1_212' title='bbox 960 3830 1126 3926; x_wconf 87' lang='lat' dir='ltr'><strong>potentia</strong></span> 
     </span>
     <span class='ocr_line' id='line_1_32' title="bbox 91 3939 1125 4040; baseline 0.006 -29"><span class='ocrx_word' id='word_1_213' title='bbox 91 3963 201 4011; x_wconf 87' lang='lat' dir='ltr'><strong>causa</strong></span> <span class='ocrx_word' id='word_1_214' title='bbox 218 3951 334 4029; x_wconf 89' lang='lat' dir='ltr'><strong>actus,</strong></span> <span class='ocrx_word' id='word_1_215' title='bbox 348 3939 619 4013; x_wconf 87' lang='lat' dir='ltr'><strong>Aristotelicum</strong></span> <span class='ocrx_word' id='word_1_216' title='bbox 638 3952 704 4032; x_wconf 88' lang='lat' dir='ltr'><strong>est,</strong></span> <span class='ocrx_word' id='word_1_217' title='bbox 717 3955 755 4016; x_wconf 88' lang='lat' dir='ltr'><strong>et</strong></span> <span class='ocrx_word' id='word_1_218' title='bbox 768 3954 957 4040; x_wconf 86' lang='lat' dir='ltr'><strong>receptum</strong></span> <span class='ocrx_word' id='word_1_219' title='bbox 974 3944 1125 4017; x_wconf 86' lang='lat' dir='ltr'><strong>aScho-</strong></span> 
     </span>
     <span class='ocr_line' id='line_1_33' title="bbox 90 4052 1124 4143; baseline 0.003 -18"><span class='ocrx_word' id='word_1_220' title='bbox 90 4052 251 4136; x_wconf 84' lang='lat' dir='ltr'><strong>lasticis;</strong></span> <span class='ocrx_word' id='word_1_221' title='bbox 278 4053 462 4143; x_wconf 92' lang='lat' dir='ltr'><strong>nimirum,</strong></span> <span class='ocrx_word' id='word_1_222' title='bbox 481 4065 523 4127; x_wconf 90' lang='lat' dir='ltr'><strong>ut</strong></span> <span class='ocrx_word' id='word_1_223' title='bbox 547 4053 709 4128; x_wconf 90' lang='lat' dir='ltr'><strong>dominio</strong></span> <span class='ocrx_word' id='word_1_224' title='bbox 733 4056 803 4130; x_wconf 89' lang='lat' dir='ltr'><strong>Dei</strong></span> <span class='ocrx_word' id='word_1_225' title='bbox 831 4056 869 4129; x_wconf 93' lang='lat' dir='ltr'><strong>in</strong></span> <span class='ocrx_word' id='word_1_226' title='bbox 896 4056 1124 4131; x_wconf 88' lang='lat' dir='ltr'><strong>voluntatem</strong></span> 
     </span>
     <span class='ocr_line' id='line_1_34' title="bbox 91 4165 1126 4254; baseline 0.005 -16"><span class='ocrx_word' id='word_1_227' title='bbox 91 4165 290 4238; x_wconf 86' lang='lat' dir='ltr'><strong>humanam</strong></span> <span class='ocrx_word' id='word_1_228' title='bbox 319 4167 474 4254; x_wconf 87' lang='lat' dir='ltr'><strong>sublato,</strong></span> <span class='ocrx_word' id='word_1_229' title='bbox 502 4167 657 4240; x_wconf 91' lang='lat' dir='ltr'><strong>liberum</strong></span> <span class='ocrx_word' id='word_1_230' title='bbox 687 4180 909 4243; x_wconf 83' lang='lat' dir='ltr'><strong>statueretur</strong></span> <span class='ocrx_word' id='word_1_231' title='bbox 933 4170 1126 4243; x_wconf 87' lang='lat' dir='ltr'><strong>arbitrium</strong></span> 
     </span>
     <span class='ocr_line' id='line_1_35' title="bbox 92 4279 264 4353; baseline -0.006 0"><span class='ocrx_word' id='word_1_232' title='bbox 92 4279 264 4353; x_wconf 89' lang='lat' dir='ltr'><strong>hominis.</strong></span> 
     </span>
    </p>

    <p class='ocr_par' dir='ltr' id='par_1_6' title="bbox 905 4419 976 4470">
     <span class='ocr_line' id='line_1_36' title="bbox 905 4419 976 4470; baseline 0.014 -1"><span class='ocrx_word' id='word_1_233' title='bbox 905 4419 931 4469; x_wconf 77' lang='lat' dir='ltr'>x</span> <span class='ocrx_word' id='word_1_234' title='bbox 948 4419 976 4470; x_wconf 79' lang='lat' dir='ltr'><strong>x</strong></span> 
     </span>
    </p>
   </div>
   <div class='ocr_carea' id='block_1_3' title="bbox 0 0 1485 4980">
    <p class='ocr_par' dir='ltr' id='par_1_7' title="bbox 0 0 1485 4980">
     <span class='ocr_line' id='line_1_37' title="bbox 0 0 1485 4980; baseline 0 0"><span class='ocrx_word' id='word_1_235' title='bbox 0 0 1485 4980; x_wconf 95' lang='lat' dir='ltr'><strong> </strong></span> 
     </span>
    </p>
   </div>
  </div>
 </body>
</html>
