2926 4980
369 384 583 436 nernnorx
602 384 659 436 an
678 382 934 436 unvrnnnan.
1102 363 1173 442 557

182 547 231 618 B.
260 547 420 622 Omnino
439 551 524 623 sciri
540 574 617 624 non
635 561 769 646 potest,
786 559 1033 646 praeterquam
1051 572 1073 620 a
1093 547 1173 619 Deo

133 661 226 733 solo.

182 774 232 846 Α.
260 775 394 847 Nonne
412 774 496 870 cogi
513 783 638 871 potest
653 775 810 847 haeresin
822 798 926 847 suam
942 774 1137 869 abjurare?

183 889 232 960 B.
260 889 345 961 Non
362 899 495 985 potest.
535 889 711 962 Solebant
728 887 889 984 quidem,
908 897 1029 960 stante
1045 886 1175 959 autho-

133 1001 243 1073 ritate
269 1001 453 1075 dictorum
473 1012 660 1074 rectorum
677 1001 1019 1091 ecclesiasticorum,
1037 1001 1173 1073 exami-

135 1114 213 1187 nari
239 1114 436 1210 aliquando
464 1139 548 1187 cum
573 1115 785 1210 juramento
811 1113 857 1185 de
878 1113 1063 1187 sententia
1079 1113 1174 1208 ipso-

134 1252 215 1300 rum
238 1228 397 1301 interna.
450 1227 523 1301 Sed
547 1251 591 1301 ea
617 1237 779 1324 potestas
803 1250 982 1298 unacum
1009 1225 1088 1321 ipsa
1108 1251 1174 1298 au·

134 1339 310 1412 thoritate
339 1341 465 1413 ablata
494 1352 560 1430 est,
587 1352 631 1412 ut
661 1340 808 1436 iniqua;
842 1351 1049 1435 propterea,
1075 1338 1175 1435 quod

135 1452 399 1548 cogitationum
421 1452 584 1525 vindicta
609 1450 658 1524 ad
681 1450 797 1525 solum
818 1451 965 1524 videtur
989 1452 1174 1548 pertinere

134 1566 265 1654 Deum,
278 1567 542 1661 cogitationum
559 1566 817 1661 inspectorem.
857 1565 973 1660 Leges
991 1565 1089 1637 enim
1106 1565 1175 1637 hu-

134 1703 253 1752 manae
270 1679 309 1750 in
323 1679 593 1752 contumaciam
612 1689 756 1751 tantum
774 1678 1081 1752 animadvertunt.

184 1793 219 1864 Α
225 1849 233 1866 .
261 1793 419 1865 Nullane
447 1793 704 1866 haereticorum
732 1815 843 1887 poena
873 1792 1113 1866 constituitur
1135 1791 1175 1864 in

135 1906 349 2002 evangelio?

184 2022 234 2093 B.
262 2019 384 2103 Nulla,
402 2019 472 2091 nisi
498 2017 598 2113 quod
623 2016 789 2112 fugiendi
816 2028 913 2106 sunt,
942 2029 981 2090 et
1010 2040 1174 2090 commu-

134 2134 244 2206 nione
262 2143 484 2220 sanctorum,
506 2131 569 2227 qui
594 2131 656 2204 illo
675 2142 841 2227 tempore
858 2129 905 2203 de
923 2129 1058 2204 divitiis
1076 2154 1175 2203 com-

135 2245 306 2318 munibus
333 2244 536 2333 alebantur,
561 2245 793 2340 prohibendi.
844 2244 996 2317 Nullam
1025 2267 1174 2340 poenam

136 2358 313 2431 sancitam
331 2359 478 2431 invenio
492 2358 704 2432 secularem.
732 2358 863 2454 Neque
881 2356 1174 2431 excommunica-

135 2473 273 2546 tionem
292 2473 434 2568 reperio
451 2484 605 2569 propter
621 2471 791 2559 haeresin,
806 2471 871 2544 sed
883 2483 1035 2566 propter
1046 2471 1173 2556 vitam,

136 2599 174 2658 et
203 2585 341 2658 scelera
368 2586 500 2681 quibus
529 2585 658 2680 religio
681 2584 983 2658 dedecorabatur.
1036 2584 1174 2657 Contra

136 2710 271 2786 autem,
289 2699 321 2771 si
337 2698 385 2770 ad
403 2699 608 2772 doctrinam
620 2698 867 2773 Christianam
884 2698 1069 2794 parabolae
1080 2698 1176 2771 Novi

134 2812 361 2885 Testamenti
391 2811 610 2885 adhibendae
644 2824 740 2902 sunt,
766 2812 888 2908 puniri
916 2810 1177 2886 haereticuma

137 2926 344 2998 Christiano
374 2925 522 2997 homine
551 2949 663 3021 poena
696 2925 794 2998 civili
826 2924 1050 3019 prohibitum
1084 2938 1175 3020 puto

140 3038 291 3130 (Matth.
306 3038 383 3109 xiii.
402 3040 561 3130 27-30lt
588 3036 693 3109 Unde
720 3036 799 3109 laec
829 3036 1013 3109 zizania?
1063 3036 1177 3110 Dicit

137 3150 218 3223 illia
231 3149 354 3238 Jecur,
369 3149 547 3222 Inirnicna
565 3150 667 3222 tomo
686 3149 876 3246 hocfecit.
929 3150 1038 3222 Servi
1054 3159 1177 3222 antem

137 3264 314 3337 dicerunt
329 3262 400 3352 itti,
415 3263 449 3333 V
448 3262 480 3335 ie
499 3263 721 3361 colligamus
736 3267 811 3336 ea?
837 3262 913 3335 Ille
930 3273 1053 3335 nutem
1064 3262 1176 3353 dicit,

138 3375 236 3465 Non,
254 3402 299 3448 ne
311 3376 428 3474 forte
447 3375 668 3474 colligentes
685 3375 844 3463 zizania,
867 3374 1074 3448 eradicetis
1104 3400 1178 3448 nna

134 3513 308 3587 granum.
362 3489 484 3561 Sinite
509 3488 616 3561 ambo
644 3487 756 3560 simul
784 3511 956 3561 crescere
983 3513 1099 3586 neque
1126 3488 1182 3561 ad

137 3626 299 3674 mercem.
352 3602 486 3673 Nonne
512 3601 746 3675 manifestum
767 3600 854 3673 hinc
878 3611 946 3688 est,
970 3600 1122 3688 zizania,
1139 3599 1178 3672 id

138 3726 193 3787 est
226 3715 384 3788 haereses
419 3713 657 3786 reservandas
691 3737 770 3786 esse
804 3713 852 3785 ad
881 3712 1062 3808 judicium
1092 3715 1178 3788 ulti-

137 3827 263 3899 mum?
317 3825 513 3901 Quomodo
542 3850 630 3922 ergo
666 3825 883 3899 revellendae
918 3840 1005 3899 sunt
1034 3827 1072 3899 in
1106 3827 1178 3901 hoc

138 3941 275 4013 mundo
300 3952 418 4013 morte
445 3939 503 4011 vel
531 3938 665 4011 exilio?
718 3940 811 4012 ltem
835 3949 847 4012 l
868 3938 952 4013 Cor.
968 3939 1018 4011 iii.
1043 3948 1176 4012 11-15:

137 4052 427 4125 Fundamentum
450 4049 560 4123 alind
576 4074 721 4148 ponere
738 4075 840 4122 nemo
859 4060 1002 4149 pote-rt,
1014 4060 1177 4149 preater-

137 4191 247 4264 qnnm
273 4167 375 4263 qnod
400 4163 513 4236 Jeens
541 4173 598 4235 eat
629 4163 814 4235 Chri-atne.
881 4163 948 4234 Sin
982 4165 1066 4259 qnia
1093 4164 1178 4237 hnic

122 4279 375 4378 fundamento
399 4276 763 4374 supercedzficneerit
791 4301 933 4365 aaran,
968 4287 1177 4376 argentum,

1221 580 1299 629 CAP.
1315 580 1352 628 ΙΙ.

1212 659 1355 696 »ar—⁴

1216 732 1251 777 Da
1260 731 1347 776 hateri.
