2926 4980
121 564 199 616 CAP.
210 565 288 618 vm.

136 649 277 683 *γα-ὀ

108 708 143 752 De
152 710 271 753 virtutibus

105 773 302 828 inallooarnlibm

106 838 269 898 defectibusque

106 904 217 961 duffii*

321 352 369 418 64
710 368 764 422 nn
785 369 968 421 nourrrn.

319 547 416 620 erat;
431 559 559 609 eorum
570 548 707 625 tamen,
713 536 776 632 qui
788 559 873 609 cum
884 535 907 609 J
909 535 981 608 ehu
992 545 1109 623 erant,
1115 531 1227 629 aliqui
1238 531 1359 627 ipsum

319 649 605 746 interrogarunt,
620 647 853 747 quamobrem
866 646 933 720 ille
946 646 1242 719 veuitioraoua?
1277 645 1358 718 Ma-

319 761 493 836 nifestum
517 785 606 860 ergo
633 773 689 835 est
712 761 827 851 illum,
849 761 913 858 qui
937 759 1083 834 insolito
1116 758 1226 832 modo
1248 771 1287 832 et
1310 758 1357 830 ab

319 875 474 947 aliorum
503 898 605 948 more
634 873 792 946 multum
818 874 1008 947 differente
1035 896 1073 945 se
1100 882 1216 968 gerat,
1240 870 1358 943 videri

317 987 456 1061 Judaeis
469 1010 675 1083 possessum
686 1010 765 1060 esse
782 987 880 1060 bono
893 987 1015 1082 aliquo
1026 984 1084 1057 vel
1101 984 1197 1057 malo
1214 983 1356 1079 spiritu.

318 1101 470 1197 Excipio
499 1113 624 1174 tamen
652 1100 885 1190 SadducaeoS,
907 1100 970 1196 qui
998 1123 1043 1172 ex
1070 1099 1186 1171 altera
1207 1109 1311 1193 parte
1335 1121 1359 1170 a

320 1215 474 1288 veritate
498 1225 643 1287 tantum
669 1214 851 1303 abierunt,
869 1225 912 1285 ut
935 1213 1084 1308 spiritus
1105 1211 1253 1285 omnino
1277 1233 1358 1282 esse

320 1351 395 1400 non
412 1327 657 1411 crediderint;
688 1327 726 1399 id
744 1326 844 1423 quod
865 1349 981 1423 prope
1000 1324 1143 1398 accedit
1159 1323 1207 1397 ad
1223 1323 1360 1397 atheis-

321 1464 433 1512 mum.
485 1440 654 1514 Fortasse
682 1452 806 1513 autem
833 1451 937 1513 tanto
966 1439 1087 1535 petius
1113 1437 1358 1511 daemoniacos

320 1554 502 1627 vocabant
516 1553 689 1627 Pharisaei
707 1553 866 1643 insanos,
884 1564 1024 1650 quanto
1041 1553 1158 1648 magis
1175 1576 1198 1624 a
1215 1550 1359 1625 Saddu-

322 1667 407 1740 caeis
425 1667 524 1740 circa
540 1667 750 1762 opinionem
767 1665 813 1739 de
836 1667 1022 1763 spiritibus
1040 1665 1306 1762 discrepabant.

372 1780 410 1853 Si
428 1780 499 1853 hoc
517 1780 570 1853 ita
581 1779 640 1870 sit,
651 1804 717 1853 cur
730 1791 836 1853 sanat
852 1780 934 1853 illos
949 1781 1122 1853 Servator
1134 1791 1271 1869 noster,
1283 1803 1359 1852 non

321 1905 364 1967 ut
388 1894 547 1984 insanos,
566 1893 632 1966 sed
660 1907 703 1966 ut
731 1894 1002 1968 daemoniacos?
1054 1893 1285 1989 Respondeo‚
1300 1917 1358 1965 ar-

320 2017 508 2103 gumenta,
526 2030 608 2103 quae
625 2030 649 2079 a
670 2005 827 2079 formula
843 2006 1014 2079 dictionis
1030 2019 1236 2095 sumuntur,
1253 2007 1360 2079 firma

320 2143 397 2193 non
414 2143 505 2193 esse.
560 2119 715 2193 Quoties
733 2119 831 2193 enim
848 2118 1012 2216 loquitur
1039 2119 1230 2214 Scriptura
1246 2119 1360 2193 Sacra

320 2233 366 2307 de
384 2246 484 2308 terra
497 2245 540 2306 ut
556 2232 747 2322 immobili,
761 2257 871 2330 quom
882 2244 1007 2306 tamen
1020 2232 1228 2329 philosophi
1248 2233 1357 2306 hodie

318 2347 395 2419 fere
413 2371 538 2420 omnes
564 2348 704 2420 moveri
734 2358 886 2420 censent
912 2346 1025 2442 signis
1051 2345 1356 2420 evidentissimis?

320 2460 510 2557 Scriptura
536 2460 673 2555 scripta
700 2471 756 2533 est
786 2484 809 2532 a
835 2459 1022 2556 prophetis
1049 2472 1088 2531 et
1113 2458 1289 2555 apostolis
1309 2459 1357 2533 ad

320 2573 535 2663 docendam,
552 2598 627 2647 non
644 2574 923 2670 philosophiam,
951 2598 1061 2671 quam
1080 2573 1127 2646 ad
1145 2573 1357 2646 exercitium

319 2687 472 2760 rationis
501 2687 678 2760 naturalis
706 2687 1075 2784 contemplationibus
1103 2687 1359 2783 disputationi·

319 2802 460 2897 busque
490 2800 681 2873 hominum
710 2800 859 2898 reliquit
888 2802 999 2890 Deus,
1027 2799 1092 2873 sed
1120 2801 1296 2895 pietatem
1322 2812 1360 2874 et

321 2912 448 2986 salutis
465 2924 613 2987 aeternae
642 2914 751 3008 viam.
805 2915 889 2988 Sive
915 2915 1013 2987 enim
1037 2926 1158 3002 terrae,
1181 2915 1256 2987 sive
1274 2916 1359 2989 solis

321 3036 443 3099 motus
477 3026 574 3098 diem
608 3037 645 3098 et
673 3039 822 3101 noctem
852 3028 985 3113 fociat;
1012 3028 1087 3102 sive
1115 3029 1359 3102 humanarum

325 3138 509 3211 actionum
528 3137 749 3213 exorbitatio
767 3164 789 3212 a
810 3141 1052 3236 passionibus
1071 3140 1146 3214 sive
1163 3165 1185 3214 a
1203 3141 1358 3214 Diabolo

322 3251 485 3335 oriatur;
511 3249 560 3323 ad
577 3251 751 3347 pietatem
768 3265 805 3327 et
823 3254 977 3326 salutem
994 3255 1087 3328 nihil
1113 3255 1236 3328 refert.
1288 3255 1359 3328 Eo-

322 3370 417 3454 rum,
448 3364 510 3461 qui
539 3388 605 3461 per
621 3367 733 3440 verba
758 3366 836 3440 sola
864 3368 1011 3442 morbos
1035 3380 1176 3458 curant,
1204 3379 1245 3442 ut
1272 3369 1361 3442 fecit

324 3477 505 3568 ChristuS,
522 3491 561 3553 et
577 3478 698 3552 facere
721 3504 759 3554 se.
784 3480 875 3554 falso
899 3481 1076 3576 jactitant
1102 3482 1360 3571 incantatores

323 3590 436 3665 dictio
452 3592 602 3688 propria
618 3604 686 3682 est,
702 3594 775 3683 eoi,
794 3605 830 3666 et
844 3593 1025 3689 jussiones
1042 3595 1188 3668 similes
1227 3596 1362 3669 Nonne

324 3705 491 3778 Christus
532 3706 658 3798 (Matt.
686 3706 761 3779 viii.
790 3707 855 3800 26)
897 3707 1107 3803 objurgavit
1140 3720 1284 3800 ventos,
1322 3721 1361 3782 et

326 3819 430 3910 (Luc.
450 3819 497 3892 iv.
513 3820 575 3912 39)
600 3819 806 3917 objurgavit
823 3820 987 3892 febrem?
1014 3820 1100 3894 Non
1118 3833 1242 3895 tamen
1256 3823 1361 3917 argui

323 3930 410 4005 hinc
427 3942 562 4027 potest,
581 3931 721 4005 febrem
738 3956 816 4005 esse
837 3932 1043 4007 Diabolum.
1097 3934 1279 4008 Praeterea
1297 3959 1361 4008 ea-

323 4043 407 4117 dem
433 4046 574 4142 phrasis
599 4070 673 4119 non
691 4047 827 4143 ubique
846 4047 1118 4143 Scripturarum
1135 4047 1233 4121 idem
1250 4047 1363 4143 signi-

322 4157 419 4231 ficat.
472 4157 518 4231 Io
540 4159 736 4257 principio
766 4169 853 4231 erat
879 4158 1037 4250 verbum,
1062 4161 1243 4258 significat
1259 4160 1361 4232 verbi

321 4272 576 4345 aeternitatem.
632 4272 675 4344 la
687 4272 880 4369 principio
895 4274 1039 4346 creavit
1056 4275 1160 4346 Deua
1177 4271 1307 4345 coefum
1324 4282 1362 4345 et
