2926 4980
140 548 218 599 CAP.
230 551 292 601 XX.

145 632 286 665 *ar-⁴

144 695 286 742 Dedominio

143 767 266 819 pomer

144 826 229 884 despoti
256 860 262 871 .

332 336 401 401 158
704 352 757 404 na
779 353 986 407 crvmara.

328 518 576 594 obedientiam
602 518 693 592 mihi
718 519 841 609 debes,
857 522 1041 619 arrogasti
1062 522 1130 596 tibi
1146 533 1371 620 potestatem

328 632 375 706 de
400 632 608 706 actionibus
633 633 725 706 meis
751 633 973 729 judicandi?
1032 635 1140 709 Unde
1165 637 1370 733 perspicue,

328 769 539 843 quanquam
564 745 773 843 allegorice,
815 747 1055 844 significatur,
1089 749 1188 824 facta
1226 773 1368 840 eorum,

328 860 460 957 quibus
476 883 620 933 summa
635 871 692 933 est
704 870 878 956 potestas,
895 886 918 934 a
932 861 1088 935 subditis
1104 863 1184 944 suis
1196 887 1273 937 nou
1291 887 1371 938 esse

327 971 631 1071 reprehendenda
646 996 716 1046 nec
734 972 968 1070 disputanda.

379 1088 509 1185 ltaque
539 1086 744 1176 manifeste,
777 1096 954 1182 quantum
984 1111 1055 1184 ego
1085 1088 1264 1186 intelligo,
1295 1113 1370 1163 non

328 1201 439 1275 modo
466 1223 512 1274 ex
529 1199 685 1289 ratione,
712 1198 778 1272 sed
807 1201 919 1273 etiam
948 1223 994 1274 ex
1022 1201 1216 1297 Scriptura
1243 1203 1369 1291 Sacra,

327 1337 507 1387 summam
531 1323 765 1410 potestatem,
782 1313 859 1386 sive
876 1337 921 1387 ea
937 1313 976 1386 in
1002 1338 1076 1387 uno
1093 1315 1253 1405 homine,
1271 1317 1370 1389 utin

326 1426 562 1517 monarchiis,
581 1425 657 1499 sive
675 1426 714 1498 in
730 1449 806 1498 uno
822 1439 934 1516 coetu,
952 1437 996 1500 ut
1012 1426 1052 1501 iu
1069 1427 1304 1503 democratiie
1331 1441 1371 1503 et

328 1539 580 1629 aristocratiis,
610 1539 790 1612 collocata
823 1539 884 1629 sit,
925 1551 1069 1614 tantam
1102 1565 1181 1616 esse
1214 1553 1370 1640 apparet

328 1663 504 1749 quantam
516 1652 730 1726 iacereeam
746 1661 902 1747 possunt
911 1651 1091 1726 homines
1143 1655 1369 1750 Quanquam

327 1777 451 1839 autem
476 1766 523 1840 de
547 1775 730 1861 potestate
760 1764 953 1839 indefinita
987 1766 1104 1839 multa
1133 1766 1370 1842 incommoda

326 1878 495 1953 homines
512 1877 705 1974 imaginari
721 1878 791 1951 sibi
803 1890 972 1974 possunt,
990 1878 1224 1953 incommoda
1241 1893 1367 1955 tamen

327 2016 409 2089 quae
426 2001 647 2089 potestatem
663 1992 859 2065 limitatam
877 1991 1112 2081 comitantur,
1138 2015 1270 2090 nempe
1287 1993 1366 2067 bel-

325 2107 402 2181 lum
411 2107 700 2202 uniuscujusque
710 2116 841 2179 contra
850 2105 1012 2179 vicinum
1025 2129 1142 2197 suum,
1153 2107 1269 2180 multo
1281 2121 1368 2182 sunt

325 2222 477 2317 majora.
529 2219 701 2293 Conditio
723 2218 914 2292 hominum
941 2220 981 2293 in
1006 2221 1077 2293 hac
1104 2220 1182 2293 vita
1207 2219 1286 2294 sine
1314 2223 1369 2295 in·

325 2333 529 2408 commodis
555 2356 745 2429 nunquam
771 2333 854 2405 erit.
917 2334 1047 2430 Neque
1074 2345 1129 2407 est
1151 2333 1190 2406 in
1218 2335 1367 2409 civitate

326 2471 546 2544 quacunque
570 2446 846 2520 incommodum
871 2471 1058 2542 magnum,
1085 2446 1156 2520 nisi
1173 2448 1274 2542 quod
1290 2449 1368 2544 ple-

325 2584 480 2657 rumque
505 2585 528 2634 a
553 2561 688 2634 civium
714 2561 876 2656 ipsorum
901 2559 1135 2632 contumacia
1159 2570 1236 2632 eta
1253 2560 1367 2635 viola-

324 2673 425 2748 tione
441 2685 634 2771 pactorum
651 2674 809 2762 illorum,
827 2659 1013 2769 inquibus
1031 2672 1190 2746 essentia
1205 2673 1367 2748 civitatis

325 2789 504 2877 consistit,
522 2799 646 2861 ortum
663 2788 722 2860 sit.
775 2788 996 2882 Quicunque
1009 2797 1132 2859 autem
1143 2797 1367 2882 potestatem

324 2926 515 2990 summam,
527 2901 678 2974 nimiam
692 2923 770 2973 esse
783 2911 928 2996 putam,
945 2899 1148 2972 diminuere
1159 2901 1366 2989 conabitur,

323 3016 495 3112 subjiciet
511 3039 551 3087 se
568 3013 744 3110 potestati
762 3012 892 3108 majori
911 3037 995 3109 quae
1011 3036 1191 3086 summam
1208 3013 1367 3087 limitare

322 3152 430 3225 posse
447 3126 642 3201 videbitur.

375 3241 540 3314 Maxima
573 3249 703 3314 contra
726 3249 949 3334 potestatem
973 3241 1179 3314 absolutam
1206 3240 1366 3336 objectio

324 3355 527 3429 desumitur
543 3353 591 3428 ab
608 3376 653 3426 eo
671 3351 772 3449 quod
787 3353 869 3425 fieri
886 3353 992 3442 solet,
1019 3365 1057 3426 et
1084 3377 1211 3427 eorum
1229 3363 1285 3426 est
1303 3354 1368 3450 qui

324 3469 555 3565 interrogant
571 3465 633 3539 ubi
650 3478 689 3539 et
706 3466 856 3563 quarrdo
872 3478 1036 3562 potestas
1056 3466 1224 3540 absoluta
1240 3490 1264 3540 a
1280 3468 1367 3541 sub·

325 3582 411 3655 ditis
428 3581 555 3678 agnita
567 3580 688 3654 fuerit.
727 3578 801 3652 Sed
817 3579 978 3653 vicissim
996 3604 1064 3676 ego
1075 3580 1157 3653 illos
1174 3581 1366 3677 interrogo

324 3694 387 3768 ubi
404 3707 442 3769 et
458 3693 609 3792 qnando
621 3694 737 3766 libera
753 3718 775 3766 a
791 3692 972 3766 seditione
989 3704 1028 3765 et
1044 3692 1141 3767 bello
1155 3693 1253 3767 civili
1271 3694 1366 3766 exti-

325 3809 371 3882 tit
388 3808 528 3897 civitaS,
539 3806 603 3879 ubi
615 3816 776 3902 potestas
794 3805 962 3880 absoluta
979 3830 1054 3880 non
1066 3806 1190 3881 fuerit.
1217 3808 1262 3880 In
1275 3832 1366 3903 gen-

325 3922 423 3995 tibus
453 3920 524 3994 illis
549 3917 615 3993 ubi
645 3916 811 3991 civitates
842 3917 906 3990 diu
935 3918 1161 3993 duraverunt
1196 3943 1265 3992 nec
1294 3920 1365 3993 nisi

324 4035 420 4107 bello
437 4045 589 4107 externo
606 4030 807 4128 perierunt,
826 4030 964 4105 subditi
982 4032 1029 4106 de
1045 4033 1214 4129 potentia
1224 4056 1367 4106 summa

325 4172 475 4221 suorum
501 4146 709 4244 principum
738 4167 926 4241 nunquam
954 4145 1245 4242 disputavenmt.
1298 4146 1364 4218 Ar-

323 4273 539 4356 gumentum
557 4271 679 4333 autem
705 4281 728 4330 a
752 4257 1017 4332 consuetudine
1034 4260 1224 4333 hominum
1241 4282 1365 4353 sump-
