2926 4980
338 323 383 387 54
728 331 781 382 na
801 332 983 384 nonina.

153 538 303 588 ennon.
339 525 415 574 non
431 499 623 574 credamus
649 495 810 573 locutam
838 523 916 573 esse
938 499 1082 585 bovem,
1100 519 1174 569 non
1204 495 1285 568 Deo
1312 493 1377 565 sed

130 619 312 722 ηοω
341 614 444 687 Livio
472 613 678 688 diffidimus.
730 613 964 710 Perspicuum
997 635 1086 707 ergo
1121 621 1188 697 est,
1222 608 1254 681 si
1287 606 1378 702 quid

130 744 310 789 amanen
342 728 530 803 credamus
546 728 648 802 nullo
664 728 735 802 alio
753 739 980 824 argumento,
991 748 1103 822 quam
1115 721 1217 819 quod
1230 721 1379 794 ducitur

127 809 175 852 aa
342 843 388 915 ab
417 842 640 916 authoritate
666 842 837 931 humana,
855 840 964 913 fidem
987 850 1152 912 nostram
1182 860 1257 909 non
1285 834 1376 923 Deo,

342 956 406 1029 sed
423 957 461 1030 in
478 955 626 1029 homine
642 965 786 1028 tantum
804 952 1050 1027 determinari.

716 1507 877 1581 CAPUT
902 1507 1003 1580 VIII.

368 1707 412 1756 DI}
432 1707 1031 1767 vutTuuluus1NTELLECTUAL113083
1059 1706 1346 1760 DEFECTIBUSQUE

769 1809 954 1858 OPPOSI'I'IS.

342 1937 373 2005 V
377 1958 499 2010 rarus
520 1937 557 2009 in
575 1937 676 2010 omni
692 1960 732 2009 re
745 1936 883 2031 aliquid
901 1949 957 2010 est
973 1944 1124 2031 propter
1141 1931 1377 2006 eminentiam

342 2048 555 2144 spectabile,
573 2048 812 2145 consistitque
829 2049 868 2121 iu
884 2047 1170 2144 comparatione.
1231 2045 1329 2117 Nam
1346 2044 1377 2116 si

341 2161 465 2234 omnia
478 2163 647 2236 omnibus
668 2162 857 2259 aequaliter
874 2161 1053 2250 adessent,
1067 2158 1158 2234 nihil
1171 2169 1266 2231 esset
1279 2157 1377 2253 quod

341 2274 540 2349 haberetur
560 2301 628 2372 pro
645 2276 790 2350 eximio.
841 2275 911 2349 Per
935 2275 1088 2349 virtutes
1112 2272 1377 2346 intellectuales

342 2388 598 2486 intelliguntur
622 2389 817 2464 facultates
850 2389 962 2464 animi
986 2388 1069 2478 illae,
1100 2411 1190 2483 quas
1214 2385 1376 2475 laudare,

343 2502 597 2598 magnifacere,
616 2516 654 2577 et
671 2504 817 2577 sibimet
834 2504 920 2601 ipsis
936 2503 1054 2577 inesse
1066 2525 1199 2598 cupere
1209 2500 1377 2573 homines

341 2615 461 2688 solent
477 2647 485 2698 ;
513 2628 552 2689 et
569 2617 678 2713 vulgo
696 2619 844 2690 nomine
863 2617 947 2689 doni
977 2615 1121 2713 ingenii
1139 2612 1377 2709 comprehen-

340 2726 501 2811 duntur;
530 2753 738 2827 quanquam
764 2730 951 2828 ingenium
977 2729 1156 2826 significet
1180 2726 1377 2823 aliquando

340 2841 451 2913 etiam
468 2841 681 2916 facultatem
699 2854 837 2916 certam
856 2867 879 2915 a
896 2843 1037 2917 caeteris
1055 2841 1275 2915 distinctam.

389 2952 551 3026 Virtutes
568 2967 690 3028 autem
715 2957 773 3028 hae
791 2957 947 3030 duorum
973 2967 1059 3030 sunt
1086 2978 1285 3052 generum;
1312 2979 1378 3025 no·

340 3065 486 3136 turona
504 3080 541 3138 et
559 3069 767 3166 ocqrnaitoe.
820 3069 889 3142 Per
916 3070 1102 3168 ingenium
1118 3067 1283 3142 nannale
1300 3089 1376 3139 non

339 3175 503 3273 intelligo
530 3179 621 3252 illud
646 3194 792 3255 tantum
810 3184 908 3280 quod
936 3209 1020 3258 cum
1036 3183 1184 3258 homine
1201 3179 1375 3268 nascitur,

339 3290 438 3384 quod
456 3290 555 3365 aliud
573 3316 646 3367 uon
665 3307 723 3366 est
740 3319 850 3391 quam
865 3320 1002 3388 seusus,
1016 3298 1055 3371 in
1069 3321 1142 3393 quo
1159 3319 1253 3369 unus
1266 3295 1376 3367 homo

337 3402 399 3476 alii
426 3428 499 3477 non
529 3407 645 3481 multo
674 3406 970 3509 magisffpraestat
997 3436 1107 3509 quam
1136 3409 1286 3493 bestiae;
1312 3406 1377 3480 sed

337 3515 503 3614 intelligo
531 3519 730 3617 ingenium,
750 3525 849 3620 quod
874 3549 943 3598 usu
970 3525 1048 3598 solo
1076 3536 1113 3597 et
1139 3522 1375 3620 experientia,

335 3629 414 3702 sine
430 3632 604 3707 methodo
623 3636 725 3708 cultu
743 3638 801 3711 vel
814 3638 993 3725 doctriua,
1007 3637 1151 3712 accedit
1168 3636 1376 3710 homiuibus

335 3752 455 3816 atate.
484 3746 659 3822 Consistit
676 3762 798 3823 autem
816 3750 853 3824 in
872 3751 1013 3824 duabus
1030 3752 1159 3834 rebus;
1179 3749 1375 3822 celeritate

335 3853 580 3954 imaginandi,
595 3861 634 3933 id
650 3877 717 3949 est,
732 3864 840 3937 unius
858 3865 1091 3962 cogitationis
1104 3863 1151 3936 ad
1168 3863 1276 3935 aliam
1293 3883 1374 3932 suc-

335 3970 497 4045 cessione
515 3974 625 4063 lacili,
644 3989 682 4048 et
706 3977 981 4076 prosecutione]
994 3973 1286 4072 constants'jfiuis
1308 3970 1374 4043 ali·

334 4082 638 4181 cujuspropositi.
667 4089 818 4178 Contra,
831 4090 1181 4189 inroginntiotarda
1192 4085 1373 4160 defectum

333 4195 444 4268 animi
480 4197 580 4272 illurn
615 4201 715 4289 facit,
749 4205 810 4299 qui
842 4205 1009 4278 tarditas
1042 4203 1164 4278 vocari
1196 4199 1289 4274 solet
1315 4195 1372 4269 vel
