2926 4980
336 379 390 429 on
411 377 606 431 ervlrnra
626 376 894 430 camerinus.
1061 363 1136 438 417

95 568 323 653 preceptum
347 556 429 646 hoe,
447 555 639 629 eonsilium
657 554 805 650 quidem
822 578 951 627 sanum
966 577 1054 643 esse,
1073 554 1138 627 sed
1162 575 1240 624 one.
1252 574 1337 623 xtra.

95 670 215 764 legem
230 693 303 740 non
320 691 410 740 esse.
1174 656 1322 784 ὦ

146 782 266 854 Locus
285 780 448 853 decimus
474 790 530 852 est
558 780 647 852 Luc.
666 804 701 852 x.
726 788 794 852 16:
826 779 900 864 Qui
927 803 990 852 vos
1017 779 1136 867 audit,
1172 791 1325 836 westwic*

96 919 152 966 me
169 893 303 976 eudit;
330 903 368 966 et
391 894 456 990 qui
479 917 542 964 uos
560 902 803 991 aspernatur,
821 918 878 966 me
894 903 1135 992 aspernatur.

96 1007 257 1080 Dubium
276 1005 425 1102 quidem
441 1030 517 1078 non
534 1017 602 1093 est,
616 1007 705 1102 quin
720 1006 907 1079 Christum
922 1015 1137 1102 aspernetur

95 1120 305 1215 quicunque
316 1132 535 1214 aspernatur
545 1142 608 1191 eos
622 1143 715 1215 quos
727 1118 894 1192 Christus
907 1119 1017 1193 misit.
1063 1118 1136 1191 Sed

94 1255 117 1304 a
141 1231 287 1305 Christo
312 1233 412 1305 missi
435 1233 497 1328 qui
520 1245 617 1321 sunt,
635 1245 769 1329 praeter
791 1256 866 1321 eos,
884 1233 947 1329 qui
970 1244 1136 1328 pastores

94 1345 289 1417 constituti
300 1358 386 1417 sunt
396 1368 462 1441 per
472 1341 733 1419 authoritatem
745 1345 967 1442 legitimam?
993 1346 1043 1418 Et
1054 1346 1135 1441 quis

94 1473 162 1546 est,
177 1458 241 1553 qui
259 1458 422 1552 legitime
436 1459 626 1532 ordinatus
639 1471 706 1548 est,
718 1458 788 1532 nisi
802 1485 825 1532 a
836 1473 984 1556 pastore
998 1484 1064 1533 suo
1078 1482 1137 1532 su-

93 1571 245 1666 premo?
291 1571 385 1645 Quis
400 1571 557 1668 denique
574 1572 613 1644 in
626 1572 774 1645 civitate
789 1572 999 1645 Christiana
1010 1583 1136 1668 pastor

93 1684 163 1756 rite
179 1684 370 1756 ordinatus
384 1698 451 1774 est,
469 1685 541 1758 nisi
558 1710 581 1759 a
597 1697 780 1781 potestate
795 1686 955 1758 civitatis
973 1684 1134 1758 summa?

94 1796 225 1869 Inferri
243 1820 331 1893 ergo
351 1820 395 1870 ex
412 1798 482 1870 hoe
501 1809 605 1870 textu
628 1810 764 1893 potest,
787 1797 901 1886 illum,
924 1799 987 1893 qui
1010 1822 1135 1894 regem

93 1933 199 1982 suom
218 1910 470 1983 Christianum
492 1910 607 1999 audit,
626 1910 754 1983 audire
777 1910 987 1994 Christum3
1014 1911 1135 1983 illurn-

93 2048 176 2119 que,
196 2023 258 2118 qui
286 2022 492 2095 doctrinam
510 2023 607 2118 regis
634 2024 689 2096 sui
716 2023 858 2118 legibus
880 2025 1135 2097 confirmatam

92 2149 321 2232 aspernatur,
347 2136 466 2232 ipsum
493 2136 679 2209 Christum
697 2137 895 2233 aspernari.
949 2137 1041 2225 Imo,
1069 2161 1133 2209 rex

98 2249 343 2337 Christianae,
364 2261 545 2344 quatenus
563 2261 689 2345 pastor
714 2260 858 2321 tantum
875 2264 933 2321 est
950 2262 987 2322 et
1004 2249 1134 2322 doctor

93 2361 240 2449 civium,
258 2387 334 2434 non
352 2362 443 2435 facit
460 2374 501 2434 ut
520 2361 699 2435 doetrinae
718 2364 795 2457 ejus
812 2363 913 2457 leges
930 2363 1014 2434 sint.
1067 2364 1133 2435 Le·

91 2499 157 2572 ges
185 2475 373 2570 obligant;
403 2475 450 2548 ad
480 2474 704 2548 eredendum
731 2498 819 2548 vero
845 2499 953 2548 nemo
977 2475 1130 2570 obligari

90 2600 224 2684 potest,
248 2588 312 2662 sed
338 2587 386 2660 ad
411 2589 575 2661 actiones
600 2599 743 2660 tantum
769 2600 806 2660 et
833 2589 956 2676 verba,
983 2589 1015 2660 si
1042 2612 1132 2683 opus

92 2703 151 2776 sit.
204 2702 260 2774 Ex
279 2725 351 2797 quo
365 2703 529 2797 sequitur
542 2725 680 2791 rursus,
693 2701 805 2796 leges,
817 2724 907 2797 quas
920 2701 1050 2774 feeerit
1068 2726 1132 2774 rex

92 2816 131 2887 in
144 2839 210 2888 sua
231 2815 378 2888 civitate
399 2815 673 2903 ecclesiasticas
695 2814 842 2888 easdem
869 2839 947 2888 esse
965 2816 1064 2911 leges
1081 2816 1132 2888 ei-

91 2929 194 3001 viles.

141 3041 259 3113 Locus
277 3039 497 3112 undecimus
515 3052 571 3112 est
589 3051 724 3131 textus
739 3040 776 3113 in
791 3064 1009 3137 quoeunque
1027 3065 1133 3136 apos·

89 3155 188 3227 tolus
209 3177 275 3249 pro
298 3152 455 3226 coasilio
482 3153 594 3226 verbo
619 3153 737 3227 utitur
757 3155 893 3252 aliquo,
920 3154 1018 3250 quod
1046 3179 1133 3228 con-

91 3267 172 3339 silio
201 3291 285 3339 cum
315 3265 470 3362 imperio
499 3267 548 3345 sit
575 3291 784 3350 commune;
812 3281 854 3340 ut
883 3269 922 3340 in
951 3292 1024 3362 quo
1047 3269 1134 3341 obe-

97 3379 273 3453 dientiam
299 3390 408 3452 vocat
426 3379 619 3454 eonsilium
645 3380 798 3477 alicujus
816 3381 930 3475 sequi,
948 3392 990 3453 ut
1014 3390 1024 3453 Ι
1050 3381 1132 3454 Cor.

92 3494 141 3565 xi.
161 3503 205 3565 2:
234 3491 367 3564 Laudo
385 3516 471 3564 vero
488 3517 563 3582 uos,
568 3493 740 3590 fratres,
758 3495 861 3590 quod
875 3494 996 3566 omnio
1013 3495 1133 3566 memi-

92 3605 215 3692 nistis,
229 3614 267 3677 et
282 3606 380 3677 sieut
401 3606 550 3679 tradidi
570 3606 684 3696 uobis,
704 3607 928 3680 traditiones
948 3606 1132 3679 retinetis.

94 3717 205 3791 Quod
227 3729 269 3789 ut
294 3718 477 3812 significet
502 3719 719 3792 traditiones
747 3720 848 3792 Pauli
872 3720 972 3814 leges
1007 3719 1132 3807 fuisse,

93 3841 157 3903 aut
174 3828 274 3901 aliud
286 3841 422 3924 praeter
433 3831 636 3921 consilium,
650 3833 761 3929 longe
775 3833 877 3905 abest
891 3865 900 3916 ;
920 3847 956 3906 et
975 3845 1016 3904 ut
1030 3832 1133 3905 loeus

92 3943 165 4029 ille,
198 3951 209 4015 l
243 3943 369 4015 Thess.
396 3943 444 4015 iv.
463 3954 508 4018 2:
548 3944 683 4018 Nostis
710 3946 818 4036 euim,
841 3971 924 4043 que
954 3947 1133 4018 mundate

94 4055 305 4129 dederimus
322 4054 426 4127 uobis
438 4083 451 4128 :
487 4057 550 4129 ubi
576 4082 648 4129 vox
666 4059 795 4132 Graeea
819 4060 1002 4153 signifieat
1019 4058 1134 4131 tradi-

93 4171 235 4252 tiones;
263 4192 345 4264 quae
362 4192 436 4241 non
454 4170 565 4266 leges,
579 4171 645 4244 sed
668 4173 820 4245 consilia
842 4185 950 4244 sunt:
977 4184 1014 4244 et
1030 4172 1133 4245 locus

94 4282 262 4356 2Thess.
276 4280 328 4353 iii.
352 4290 407 4370 14,
440 4291 500 4354 15:
542 4281 653 4366 Qrtod
679 4286 714 4356 si
740 4285 824 4382 quis
855 4308 924 4356 ueu
949 4284 1133 4356 auscultet

197 4417 291 4469 von.
305 4417 369 4469 111.
968 4419 1033 4470 nn
