2926 4980
519 385 572 436 on
592 385 775 437 nouum.
1120 372 1166 436 59

121 550 351 640 desiderare,
368 552 503 624 mortui
530 562 609 636 est;
636 553 688 626 ita
706 576 837 648 parum
857 553 1092 625 vehementer
1106 551 1169 624 de-
1198 585 1273 634 cnp,
1287 584 1363 634 vm,

121 665 304 752 siderare,
320 663 417 738 tardi
433 678 513 750 est;
539 677 577 738 et
589 667 706 739 multa
721 666 830 739 simul
846 689 992 762 cupere,
1009 664 1169 737 levitatis
1181 666 1351 770 „effi

122 789 208 850 est:
235 778 371 851 habere
401 791 526 851 autem
551 779 738 874 passiones
765 778 880 852 multo
910 778 1082 851 fortiores
1106 791 1374 868 ve-inteuqetudibue

121 892 449 987 hementioresque
474 914 584 987 quam
600 893 639 964 in
656 890 799 964 eaeteris
822 890 1030 964 hominibus
1052 889 1169 963 videri
1180 857 1343 981 imm

125 1004 259 1094 solent,
277 1003 369 1076 illud
385 1014 443 1076 est
460 1003 561 1100 quod
576 1003 787 1077 nominatur
804 1003 965 1076 insania.

181 1118 338 1191 lusaniae
351 1130 477 1190 sutem
491 1127 548 1190 tot
561 1130 648 1190 sunt
663 1117 741 1190 fere
755 1128 846 1213 quot
858 1131 944 1189 sunt
959 1116 1170 1213 passionum

128 1229 291 1326 ipsarum
301 1230 458 1326 speeies3
475 1230 643 1326 procedit
656 1244 781 1303 tamen
794 1229 990 1326 aliquando
1003 1230 1049 1302 ab
1063 1255 1171 1326 orga-

128 1365 262 1415 norum
278 1367 393 1439 prava
405 1343 669 1416 constitutione
686 1343 744 1415 vel
761 1343 922 1416 laesione.
962 1342 1171 1439 Aliquando

127 1456 464 1551 etiamapassionis
475 1454 705 1527 vehementia
714 1455 773 1528 vel
783 1454 977 1527 duratione
986 1456 1099 1552 longa
1110 1454 1172 1529 lae·

126 1568 270 1641 duntur
281 1592 431 1664 organa.
486 1569 691 1664 Utrobique
704 1579 828 1641 tamen
846 1567 1009 1664 ejusdem
1025 1568 1171 1665 generis

178 1793 302 1867 Passio
325 1794 431 1888 enjus
447 1791 622 1865 violentia
637 1792 695 1865 vel
712 1792 856 1866 duratio
873 1792 963 1866 feeit
979 1793 1171 1882 insaniam,

125 1919 193 1980 aut
205 1905 338 2005 gloria
361 1930 459 1980 oona
484 1917 552 1992 est,
569 1928 651 2001 quae
668 1916 706 1978 et
728 1905 907 2005 superbia
926 1904 1081 1979 dicitur:
1108 1919 1172 1981 aut

125 2021 241 2094 animi
259 2019 435 2093 demissio
453 2043 598 2115 magna.

178 2133 360 2229 Superbia
381 2132 472 2205 lacit
494 2131 722 2205 iracundum.
775 2133 845 2206 11·ae
862 2143 985 2206 autem
1002 2155 1172 2206 excessus

126 2249 280 2321 insaniae
298 2246 439 2342 species
457 2258 524 2335 est,
543 2269 626 2341 quae
642 2245 849 2341 appellatur
852 2245 990 2343 furor.
1042 2246 1171 2341 Itaque

125 2361 299 2435 vindictae
317 2358 453 2455 cupido
470 2360 611 2455 ingenS,
626 2359 658 2431 si
675 2359 850 2432 diuturna
862 2359 922 2447 sit,
936 2383 1074 2454 organa
1091 2382 1171 2431 eor-

126 2475 225 2571 poris
239 2473 355 2561 laedit,
369 2486 408 2545 et
420 2473 464 2544 fit
479 2472 593 2546 furor.
634 2472 736 2545 Idem
749 2473 839 2545 facit
851 2497 953 2545 amor
962 2472 1171 2559 vehemens,

126 2588 332 2682 praesertim
349 2588 382 2659 si
396 2585 592 2658 comitetur
610 2587 802 2683 zelotypia.
855 2588 993 2682 Magna
1009 2586 1099 2659 item
1116 2585 1172 2657 sui

126 2701 240 2796 ipsius
264 2701 462 2774 aestimatio
488 2710 641 2795 propter
668 2700 895 2796 sapientiam,
914 2698 1171 2786 eruditionem,

127 2811 293 2902 formam,
311 2826 351 2886 et
368 2812 512 2902 similia,
531 2813 643 2885 etiam
663 2824 815 2908 propter
837 2836 949 2908 quam
966 2822 1073 2908 putat
1091 2811 1172 2906 quis

127 2927 219 2999 falso
232 2950 272 3000 se
288 2927 425 3000 habere
449 2925 738 3022 inspirationem,
758 2925 878 2999 tendit
901 2925 949 2997 ad
966 2925 1157 2998 insaniam.

176 3041 357 3114 Demissio
374 3040 486 3112 animi
504 3040 702 3112 obnoxium
719 3038 809 3111 facit
826 3039 952 3127 metui,
968 3039 1031 3111 nbi
1049 3051 1172 3111 metus

129 3178 239 3226 causa
270 3153 373 3227 nulla
398 3166 479 3235 est;
505 3176 587 3248 quae
615 3153 757 3224 insania
783 3163 838 3225 est
862 3153 1037 3249 appellari
1066 3153 1173 3226 solita

128 3265 387 3354 melancholia,
413 3288 592 3361 apparens
618 3265 872 3351 diversimode,
900 3277 943 3338 ut
970 3266 1009 3338 in
1037 3267 1082 3339 iis
1109 3267 1172 3361 qui

128 3378 366 3474 frequentant
393 3377 623 3467 solitudines,
641 3379 679 3450 in
706 3379 979 3474 superstitiosis
998 3391 1035 3452 et
1062 3379 1100 3451 in
1127 3379 1174 3450 ti-

129 3490 314 3563 mentibus
326 3515 408 3585 quae
422 3491 546 3563 caeteri
558 3514 632 3562 non
644 3491 788 3564 timent.
816 3492 1005 3564 Passiones
1016 3490 1174 3586 denique

130 3627 270 3692 omneS,
291 3627 373 3699 quae
390 3604 555 3677 actiones
572 3604 738 3677 insolitas
755 3605 1072 3699 exorbitantesque
1088 3628 1173 3699 pro-

128 3715 281 3807 ducunt,
312 3717 461 3789 nomine
491 3716 739 3812 insigniuntur
769 3717 933 3790 insaniae.
986 3716 1174 3811 Siquidem

129 3841 256 3901 autem
283 3829 493 3925 passionum
524 3853 695 3902 excessus
722 3830 865 3902 insania
891 3846 989 3918 sunt,
1014 3829 1175 3902 dubitari

129 3966 204 4015 non
222 3955 346 4038 potest
364 3944 453 4038 quin
466 3943 652 4037 passiones
666 3943 767 4037 ipsae,
781 3943 910 4016 saltem
929 3942 959 4012 si
976 3942 1024 4014 ad
1038 3944 1174 4015 malum

129 4056 299 4144 tendant,
335 4055 407 4129 sint
442 4056 786 4151 ejusdem'gradus.
838 4054 1005 4150 Exempli
1040 4081 1173 4129 causa:

130 4168 280 4265 quando
297 4168 409 4263 aliqui
435 4169 526 4241 falso
549 4181 681 4263 putant
712 4169 919 4265 inspiratos
950 4191 987 4240 se
1014 4194 1103 4258 esse,
1119 4171 1176 4242 in-

131 4281 246 4353 saniae
278 4280 372 4353 illius
404 4282 554 4354 effectus
580 4304 652 4353 non
683 4294 739 4352 est
769 4281 906 4352 inuno
933 4281 1081 4355 homine
1109 4305 1175 4377 per
