2926 4980
499 386 552 438 na
572 385 780 439 ewistun.
1099 375 1165 441 145

120 558 293 621 nascetur
315 547 414 621 inter
437 549 664 643 potentiores
691 548 788 620 cives
816 547 1041 642 competitio,
1067 559 1103 619 et
1121 572 1165 619 ex
1197 589 1224 638 ρ,

121 661 385 757 competitione
404 661 553 733 bellum
606 661 742 732 Verum
767 659 867 754 quod
893 660 1214 772 incommodumn
1210 677 1224 693 ⁵

120 775 191 849 hoc
207 798 284 847 non
295 798 319 847 a
329 773 450 847 forma
466 774 654 870 regiminis
673 774 899 847 monarchici
916 773 1045 861 oritur,
1057 798 1213 901 argu-'m⁴
1179 794 1221 837 aa

121 900 245 959 mento
262 897 321 959 est
321 886 447 982 ‚quod
464 888 665 960 monarcha
677 886 899 983 praecedens,
914 887 1066 959 tutelam
1084 864 1224 966 suc-2¹1⁸?

120 1024 260 1074 cessuri
248 999 430 1073 infantis
444 1001 524 1096 quis
537 1000 730 1074 habiturus
741 1001 800 1087 sit
815 1000 1036 1084 declaravit;
1026 1001 1224 1097 ·idque„ffl

120 1113 179 1187 vel
205 1137 377 1210 expresse
402 1137 470 1210 per
495 1125 768 1202 testamentum,
796 1115 858 1187 vel
884 1115 1009 1201 tacite,
1033 1139 1165 1211 nempe

119 1226 381 1301 consuetudini
396 1228 496 1301 circa
506 1229 728 1324 quaestiones
742 1228 877 1301 similes
888 1253 962 1302 non
980 1227 1165 1301 contradi-

118 1340 265 1424 cendo;
291 1351 381 1413 tunc
398 1351 521 1414 autem
539 1341 569 1414 si
587 1342 800 1438 competitio
811 1342 869 1414 vel
886 1342 1023 1414 bellum
1041 1342 1167 1414 subse-

120 1462 270 1549 quatur,
287 1453 409 1525 forma
431 1453 620 1548 regiminis
637 1453 863 1526 monarchici
880 1455 989 1549 culpa
1005 1478 1080 1526 non
1099 1465 1165 1541 est,

119 1565 186 1639 sed
197 1566 419 1662 injustorum
434 1579 473 1639 et
486 1566 764 1640 ambitiosorum
778 1566 922 1639 civium.
950 1567 1030 1639 Etsi
1043 1578 1167 1638 autern

119 1679 324 1753 monarcha
339 1678 552 1775 praecedens
568 1676 722 1752 tutelam
747 1679 885 1751 nemini
910 1680 1166 1767 commisserit,

119 1790 356 1865 incommodo
384 1804 508 1865 tamen
537 1792 625 1865 huic
652 1795 740 1866 satis
769 1793 956 1888 provisum
974 1807 1031 1865 est
1048 1817 1071 1865 a
1083 1794 1166 1888 jure

120 1904 294 1992 naturali,
312 1903 499 1993 nimirum,
517 1920 560 1976 ut
576 1902 695 1978 tutela
710 1905 762 1977 illi
780 1906 1043 1993 committatur,
1062 1908 1166 2000 cujus

120 2042 188 2117 per
203 2032 377 2092 naturam
407 2020 565 2093 maxime
589 2021 744 2093 interest
761 2018 912 2092 infantis
926 2021 1011 2116 jura
1028 2031 1066 2090 et
1083 2041 1166 2113 per-

119 2155 252 2206 sonam
281 2134 503 2222 conservari,
521 2144 559 2206 et
584 2134 643 2206 cui
668 2133 861 2205 minimum
884 2157 908 2205 a
932 2141 1050 2205 morte
1067 2132 1125 2203 vel
1144 2155 1168 2202 a

120 2245 368 2320 diminutione
403 2248 481 2343 ejus
516 2269 748 2320 accessurum
782 2259 840 2319 est
867 2246 1166 2319 emolumentum.

122 2359 219 2433 Cum
235 2360 333 2432 enim
350 2383 478 2433 omues
493 2361 631 2434 bonum
650 2359 718 2433 sibi
737 2372 915 2455 quaerant,
930 2359 960 2432 si
977 2358 1093 2431 tutela
1112 2358 1167 2429 in-

121 2471 237 2545 fantis
254 2472 395 2545 homini
412 2473 715 2558 committeretur,
736 2472 798 2567 qui
817 2496 855 2544 se
872 2496 939 2568 per
956 2471 1052 2543 illius
1069 2494 1167 2541 mor-

122 2596 198 2659 tem
210 2608 427 2682 promovere
437 2596 573 2681 posset,
585 2584 702 2657 tutela
715 2608 790 2657 non
803 2596 899 2657 esset
913 2583 978 2656 sed
994 2583 1167 2679 proditio,

123 2710 299 2794 tanquam
318 2698 349 2771 si
362 2698 443 2795 quis
454 2699 609 2772 tutelam
622 2699 709 2794 agui
723 2699 969 2771 committeret
981 2697 1167 2791 impranso

122 2812 223 2909 lupo.
283 2812 424 2907 Itaque,
451 2837 536 2885 curn
560 2812 747 2908 provisum
775 2812 896 2884 sitne
922 2809 1167 2883 contentionis

123 2924 170 2997 de
187 2924 339 2998 infantis
356 2926 473 2999 tutela
495 2950 608 2999 causa
628 2928 729 3020 justa
755 2949 833 2998 esse
855 2924 982 3021 possit,
1001 2948 1076 2996 non
1100 2935 1166 3011 est,

122 3038 564 3135 sipaxtnrbetur‚formae
574 3039 760 3134 regiminis
770 3038 1008 3126 monarchici,
1016 3037 1080 3109 sed
1090 3061 1168 3109 am-

122 3150 265 3225 bitiosis
290 3162 329 3224 et
359 3151 505 3248 injustis
528 3153 668 3225 civibus
693 3152 813 3224 officia
830 3174 896 3223 sua
913 3150 1168 3245 ignorantibus

124 3262 414 3337 attribuendum.
443 3264 581 3337 Contra
598 3274 734 3352 autem,
746 3263 873 3336 civitas
885 3286 1029 3358 magna,
1044 3261 1080 3333 in
1095 3285 1168 3356 qna

124 3400 305 3449 summam
321 3387 543 3474 potestatem
563 3378 675 3450 habet
692 3388 821 3464 coetns,
837 3376 897 3448 vix
919 3376 996 3448 ulla
1013 3387 1069 3446 est
1086 3398 1167 3469 quae

125 3502 296 3563 miratore
326 3502 502 3586 tanquam
529 3491 650 3564 infans
675 3491 871 3586 aliquando
895 3514 970 3562 non
993 3487 1167 3582 indigeat.

127 3602 222 3676 Nam
236 3615 278 3676 nt
294 3602 414 3676 infans
425 3628 448 3676 a
461 3604 613 3678 consilio
626 3603 803 3676 curatoris
816 3601 1006 3674 dissentire
1017 3613 1168 3696 propter

127 3715 308 3789 inscitiam
325 3740 400 3790 non
417 3729 561 3812 potest:
588 3718 642 3789 ita
659 3716 805 3789 coetuia
822 3716 1004 3787 sententia
1020 3713 1168 3808 majoris

127 3829 240 3924 partis
257 3829 451 3902 dissentire
468 3854 542 3902 non
560 3842 617 3902 est
634 3830 801 3902 liberum.
853 3829 902 3900 Et
915 3840 957 3900 ut
969 3827 1169 3899 infantibus

129 3939 261 4015 dautur
287 3954 454 4024 tutores3
480 3943 535 4014 ita
563 3940 718 4014 coetibus
744 3944 784 4013 iu
808 3942 917 4013 rebus
940 3939 1064 4012 arduis
1093 3939 1169 4010 dic-

130 4062 281 4144 totores,
300 4055 473 4128 custodes
497 4054 699 4142 libertato,
712 4062 953 4150 protectores
971 4051 1050 4124 dari
1071 4051 1168 4124 irrso·

130 4165 232 4240 litum
253 4192 329 4241 non
355 4180 434 4249 est3
462 4191 619 4261 quorum
642 4167 807 4262 regimen
830 4190 898 4261 pro
924 4179 1090 4261 tempore
1112 4182 1168 4239 est

131 4280 424 4362 monarchicum3
451 4291 489 4353 et
506 4305 529 4352 a
545 4281 678 4377 quibus
701 4280 834 4375 saepius
852 4280 1008 4352 coetibus
1025 4281 1169 4354 sublata

225 4416 321 4467 von.
338 4414 402 4466 111.
1044 4414 1066 4464 ι
