2926 4980
517 331 571 380 nn
592 329 771 381 nonme.
1142 312 1165 391 7

120 512 181 573 est
208 496 467 594 apparitiones,
494 494 673 585 visibiles,
700 496 851 569 emissas
880 497 925 569 ab
953 496 1100 593 objecto
1126 497 1165 569 in

122 613 288 701 oculum,
318 611 463 683 efficere
491 610 694 692 visionem
732 610 822 683 item
856 612 1013 707 species,
1043 610 1082 683 id
1112 626 1166 685 est

123 725 385 824 apparitiones,
403 722 601 811 audibiles,
619 724 769 797 emissas
793 725 839 797 ab
867 726 1011 822 objecto
1037 724 1076 797 in
1104 748 1168 797 au·

124 863 219 926 rem,
237 861 384 910 causam
405 860 483 910 esse
509 836 727 921 auditionis;
753 861 901 909 causam
928 837 1084 933 denique
1110 837 1167 909 in-

125 949 318 1044 telligendi
331 973 410 1021 esse
425 948 601 1044 quasdam
613 949 772 1046 species,
782 949 821 1022 id
838 960 894 1022 est
910 951 1166 1046 apparitiones,

127 1060 406 1159 intelligibiles,
437 1061 587 1134 emissas
617 1084 641 1134 a
672 1086 713 1134 re
739 1063 940 1136 intellecta.
991 1064 1078 1136 Nou
1094 1063 1166 1136 hoc

129 1177 211 1249 dico
236 1188 281 1248 ut
297 1175 506 1248 scholarum
532 1175 868 1272 philosophicarum
897 1201 1003 1250 usum
1030 1177 1167 1272 impro-

126 1290 229 1378 bans,
248 1289 326 1379 sed,
345 1289 433 1385 quia
458 1289 504 1361 de
530 1313 655 1361 earum
681 1289 720 1362 in
750 1289 898 1362 civitate
924 1313 993 1362 usu
1016 1288 1167 1361 inferius

126 1403 317 1476 locuturus
333 1426 427 1490 sum,
446 1402 638 1475 ostendere
655 1403 767 1475 etiam
784 1426 866 1498 quae
891 1403 930 1475 in
954 1403 1026 1475 illis
1043 1425 1165 1474 emen-

127 1517 204 1589 dari
222 1516 372 1606 debent,
390 1540 548 1612 quorum
565 1541 679 1588 unum
696 1526 750 1589 est
767 1540 886 1589 sermo
904 1516 1165 1612 insignificanS,

125 1654 197 1702 non
216 1631 346 1727 putavi
363 1653 411 1702 ne
426 1628 547 1701 obiter
565 1628 713 1725 quidem
729 1629 986 1725 negligendum
1001 1652 1091 1702 esse.

560 1858 754 1869 ———.

532 2030 692 2103 CAPUT
722 2031 771 2104 11.

482 2217 527 2267 ΒΕ
547 2217 821 2268 ΙΜΑΘῙΝΑΤΙΟΝΕ.

125 2334 187 2422 In,
212 2333 313 2430 quod
339 2331 491 2406 omnino
517 2332 682 2428 quiescit,
709 2333 781 2406 nisi
805 2334 851 2406 ab
878 2333 950 2405 alio
980 2342 1169 2407 moveatur

125 2459 308 2544 perpetuo
326 2445 534 2543 quieturum
549 2469 639 2534 esse,
656 2445 794 2519 nemini
806 2458 897 2542 puto
911 2445 1060 2517 dubium
1078 2468 1167 2517 esse.

128 2561 317 2634 Caeternm
345 2584 491 2656 corpus
510 2560 541 2633 si
568 2571 771 2648 moveatur,
788 2559 860 2632 nisi
887 2572 1009 2631 motus
1028 2560 1105 2654 ejus
1122 2559 1168 2631 ab

129 2674 205 2746 alio
230 2673 469 2770 extinguatur
486 2697 629 2769 semper
653 2685 864 2769 promotum
879 2672 937 2760 iri,
962 2691 1169 2768 quanquam

130 2787 228 2860 ratio
245 2786 441 2882 utrobique
452 2787 579 2859 eadem
590 2787 648 2875 sit,
662 2775 896 2883 nempenihil
907 2809 1014 2882 posse
1022 2809 1170 2858 movere

131 2901 304 2996 seipsum,
319 2924 395 2972 non
411 2911 488 2972 tam
504 2900 612 2973 facile
629 2899 781 2973 concedi
799 2900 901 2973 solet.
954 2894 1171 2972 Mensurant

132 3012 232 3084 enim
258 3012 425 3085 homines
453 3036 608 3109 corpora
625 3013 748 3085 omnia
773 3014 845 3086 alia
866 3037 933 3109 per
950 3037 1026 3102 sua,
1043 3012 1170 3086 viden-

131 3136 262 3221 tesque
279 3125 417 3222 seipsos
443 3149 508 3221 per
531 3137 670 3199 motum
696 3126 815 3199 dolori
832 3138 869 3199 et
885 3126 1089 3199 lassitudini
1107 3127 1170 3199 ob·

131 3237 263 3311 noxios
277 3260 365 3329 esse,
385 3237 482 3310 idem
497 3238 666 3333 judicant
684 3239 730 3312 de
747 3239 828 3312 aliis
853 3240 961 3312 motis
977 3239 1145 3312 omnibus
1160 3270 1170 3324 ;

133 3351 240 3448 quasi
257 3349 398 3422 defessa
415 3361 589 3446 cuperent
616 3352 765 3425 tandem
782 3376 848 3425 sua
865 3362 993 3448 sponte
1011 3352 1171 3446 requies-

133 3486 219 3536 cere
235 3494 244 3547 ;
269 3486 389 3559 neque
406 3463 640 3537 considerant
653 3489 776 3537 annon
794 3465 841 3538 sit
853 3476 975 3537 motus
992 3463 1121 3558 aliquis
1133 3463 1172 3535 in

133 3601 209 3674 qno
228 3577 395 3649 consistit
413 3576 544 3671 quietis
562 3577 793 3652 desiderium.
820 3578 942 3673 Atque
956 3577 1042 3649 hinc
1056 3576 1173 3648 oritur

134 3689 304 3762 doctrina
319 3689 384 3761 illa
400 3689 617 3781 scholarum,
636 3691 860 3765 descendere
886 3713 1050 3788 corpora
1077 3714 1174 3788 gra-

1218 530 1296 581 CAP.
1308 533 1333 583 1.

1206 612 1344 648 κ-Ὑψ

1208 673 1323 719 nomm

132 3804 198 3878 via
220 3812 387 3902 propter
404 3804 613 3901 appetite-m
639 3805 852 3902 quiescendi
876 3814 914 3876 et
931 3803 1175 3876 conservandi
1233 3888 1237 3894 ,

132 3927 312 3991 naturam
329 3940 433 3988 suam
450 3917 489 3989 in
514 3916 564 3990 iia
591 3918 685 3992 locis
703 3918 768 4016 qui
784 3917 857 3990 sibi
874 3916 1030 3990 maxime
1048 3940 1174 3989 conve-

131 4030 243 4104 niunt
257 4055 272 4111 ;
299 4028 499 4124 appetitum
513 4040 550 4103 et
567 4031 756 4104 scientiam
773 4030 860 4103 boni
873 4041 911 4101 et
921 4028 1006 4101 mali
1020 4029 1088 4116 sui,
1103 4053 1175 4123 qua

129 4141 307 4218 homines
323 4141 536 4237 plerumque
554 4156 693 4233 carent,
712 4145 820 4217 rebus
837 4141 1045 4215 inanimatis
1063 4142 1175 4237 impe·

130 4259 205 4331 rite
223 4254 496 4328 ascribentium.
