2926 4980
414 901 465 953 Ab
485 897 769 953 NOBILISSIMUM
788 896 919 952 VIRUM

588 1065 743 1109 DOMINUM

218 1202 610 1285 FRANCISCUM
641 1200 1108 1299 GODOLPHINUM,

325 1417 518 1476 EQUITEM
539 1417 714 1467 ORDINIS
735 1414 1010 1466 BALNEORUM.

574 1597 768 1608 ‚.——--....

574 1609 768 1619 —--———--

118 1766 281 1838 Fnarnr
300 1778 366 1836 tuo
393 1764 529 1837 Sidneo
546 1763 789 1860 Godolphino‚
807 1762 1030 1835 nobilissime
1047 1757 1216 1845 Domine,

119 1902 304 1986 quantum
323 1889 528 1984 placuerint
544 1890 667 1962 studia
679 1913 783 1973 mea;
813 1899 990 1984 quantum
1008 1886 1068 1958 ille
1086 1882 1217 1956 autho-

120 2017 238 2088 ritate
269 2014 400 2109 judicii
435 2015 490 2087 sni
518 2016 616 2111 apud
642 2017 740 2088 viros
770 2015 887 2087 bonos
917 2037 976 2085 me
1011 2009 1217 2092 ornaverit;

122 2152 267 2239 quanto
295 2141 453 2236 deniqne
482 2142 682 2215 durissimis
709 2142 937 2237 temporibus
957 2137 1137 2212 beneficio
1159 2159 1219 2208 me

124 2268 324 2364 adjuverit,
350 2266 428 2362 ipse
456 2268 564 2339 nosti.
629 2266 885 2339 Commemoro
915 2277 1051 2351 autem,
1075 2286 1151 2335 non
1177 2271 1220 2332 nt

124 2394 293 2466 favorem
311 2393 513 2464 amicorum
530 2393 706 2464 virtutem
730 2392 863 2464 faciam
887 2415 1021 2477 meam,
1045 2388 1110 2461 sed
1136 2385 1221 2481 quia

128 2520 294 2591 m'rorum
319 2517 588 2607 excellentium,
606 2517 723 2612 qualis
745 2518 807 2590 ille
829 2529 920 2602 erat,
940 2515 1095 2587 dilector
1117 2510 1222 2585 testi-

129 2645 278 2717 moniis,
330 2643 511 2717 Excelluit
539 2643 636 2716 enim
659 2644 716 2715 vir
740 2644 801 2716 ille
824 2643 960 2714 virtute
987 2639 1087 2713 omni
1113 2661 1222 2733 quam

131 2769 296 2866 postulat
320 2779 384 2841 aut
410 2769 529 2841 cultus
555 2768 710 2858 divinuS,
734 2779 799 2841 aut
822 2769 1056 2842 commodum
1081 2768 1223 2864 patriae,

133 2907 196 2968 aut
215 2895 373 2968 societas
392 2893 521 2983 civilis
539 2906 604 2966 aut
621 2894 783 2967 amicitia
801 2894 1018 2990 singularis3
1036 2895 1118 2991 pius
1137 2917 1225 2990 erga

134 3023 268 3110 Deum,
287 3020 454 3093 eruditus
479 3020 526 3092 ad
550 3044 690 3115 pacem,
709 3020 815 3093 fortis
842 3021 890 3093 ad
911 3022 1060 3111 bellum,
1079 3023 1117 3095 in
1139 3045 1225 3094 con-

132 3147 323 3245 gressibus
354 3146 549 3240 jucundus,
581 3147 619 3217 in
653 3146 822 3219 amicitiis
860 3148 998 3220 firmus.
1062 3147 1225 3221 Honoris

134 3274 252 3370 igitur
269 3283 307 3344 et
323 3270 559 3367 gratitudinis
587 3295 698 3343 causa
721 3295 809 3367 erga
834 3272 936 3345 illum
962 3285 1000 3345 et
1024 3273 1227 3345 devotionis

136 3422 228 3493 erga
253 3396 424 3491 teipsum,
442 3406 642 3467 tractatum
662 3395 761 3469 hunc
786 3396 832 3469 de
849 3397 1034 3472 Potestate
1057 3397 1167 3470 Civili
1191 3409 1229 3469 et

137 3523 394 3596 Ecclesiastico
418 3521 606 3594 humiliter
625 3522 693 3594 tibi
719 3524 832 3596 offero
849 3524 1064 3620 dedicoque.
1116 3524 1171 3601 De
1188 3523 1229 3594 il-

138 3649 196 3738 lis,
210 3649 274 3744 qui
289 3648 467 3721 doctrinae
478 3673 588 3743 quam
606 3650 771 3722 continet
786 3649 909 3722 favere
919 3651 1153 3738 videbuntur,
1163 3648 1230 3721 ho-

139 3774 260 3846 mines
277 3775 395 3846 nostri
412 3774 501 3869 quid
518 3776 660 3848 sensuri
678 3776 762 3864 sint,
774 3788 817 3848 nt
834 3800 933 3848 nunc
951 3789 1037 3848 sunt
1052 3789 1230 3873 tempora,

139 3903 326 3974 incertum
344 3911 410 3972 est.
463 3902 559 3973 Nam
584 3903 680 3974 inter
702 3925 893 3974 mucrones
918 3904 1159 3997 pugnantium
1187 3903 1231 3974 de

140 4035 331 4122 potestate
358 4048 500 4100 summa
528 4051 603 4099 non
630 4026 737 4099 facile
764 4039 819 4099 est
844 4027 1015 4100 incedere
1046 4029 1123 4100 sine
1153 4028 1233 4099 vul-

142 4174 245 4223 nere.
299 4150 453 4225 Causam
482 4165 605 4224 tamen
633 4176 699 4224 cur
725 4176 808 4247 pars
837 4155 975 4225 utravis
1003 4167 1234 4226 succenseret

143 4277 251 4364 mihi,
270 4275 406 4350 nullam
429 4277 548 4351 video.
601 4277 702 4351 Quid
727 4279 824 4349 enim
852 4277 959 4367 facio,
989 4292 1232 4374 praeterquam
