2926 4980
357 336 432 404 380
600 351 656 405 nu
675 351 870 406 crvrraru
890 350 1160 406 camerinus.

156 517 455 614 erp,xn11,apud
489 541 528 591 se
561 519 697 592 habere
727 520 952 617 jubebantur
988 520 1115 613 (Deut.
1136 517 1224 592 xvii.
1253 524 1317 609 18,
1344 519 1403 613 19)

166 631 316 750 „a
356 655 463 728 reges
477 632 642 706 Israelis:
661 634 741 707 haec
758 633 918 730 denique
935 646 1004 722 est,
1022 656 1105 729 quae
1121 644 1326 729 postquam
1343 632 1406 707 diu

166 757 318 804 erlem·
355 744 502 841 perdita
531 745 673 837 fuisset,
699 760 846 844 reperta
877 746 1028 820 tandem
1062 747 1102 820 in
1135 745 1275 844 templo
1313 758 1405 839 erat,

356 871 536 956 regnante
560 860 675 950 Josia,
693 862 798 957 cujus
824 860 1050 934 authoritate
1070 860 1109 953 (2
1128 859 1219 957 Reg.
1238 859 1347 933 xxiii.
1365 860 1403 954 3)

354 996 422 1068 pro
440 973 521 1068 lege
539 973 608 1046 Dei
626 972 747 1046 denuo
764 986 914 1070 recepta
931 986 999 1047 est.
1052 972 1127 1046 Sed
1138 982 1219 1045 tum
1236 972 1369 1048 Moses
1384 998 1407 1049 a

354 1110 429 1181 quo
446 1086 584 1182 scripta
601 1097 668 1175 est,
687 1096 723 1159 et
740 1086 763 1160 J
765 1086 860 1160 osias
877 1110 900 1159 a
917 1110 990 1182 quo
1007 1096 1226 1182 recuperata
1243 1098 1316 1174 est,
1327 1112 1406 1162 aru·

353 1199 403 1271 bo
421 1223 602 1272 summam
618 1198 781 1272 habuere
797 1210 1020 1294 potestatem
1041 1198 1199 1271 civilem.
1263 1200 1407 1276 Hacte-

355 1336 424 1385 nus
442 1335 531 1408 ergo
545 1314 606 1408 jus
623 1311 824 1408 scripturas
841 1311 1095 1402 canonicandi,
1110 1334 1222 1409 penes
1239 1336 1304 1387 eos
1323 1327 1407 1390 erat

355 1425 417 1520 qui
432 1447 612 1497 summum
628 1434 851 1520 potestatem
867 1424 1012 1497 civilem
1029 1424 1248 1498 habuerunt.

405 1538 544 1610 Praeter
557 1535 668 1624 hunc,
683 1538 824 1610 nullum
839 1537 951 1610 alium
964 1538 1126 1610 habuere
1143 1537 1279 1611 librum
1295 1537 1405 1636 legis,

354 1662 440 1724 ante
458 1650 618 1723 reditum
634 1651 761 1747 populi
777 1674 798 1724 e
816 1651 1044 1746 captivitate.
1076 1650 1272 1747 Prophetae
1289 1652 1404 1741 euim,

352 1764 480 1859 paucis
498 1763 674 1859 exceptiS,
691 1763 730 1836 in
747 1764 961 1861 captivitate
979 1764 1058 1860 ipsa
1074 1764 1269 1850 vixerunt;
1289 1764 1405 1840 adeo-

352 1899 425 1970 que
446 1878 574 1973 procul
600 1879 729 1951 aberat
744 1890 787 1951 ut
804 1876 1009 1974 prophetiae
1026 1901 1151 1951 eorum
1170 1901 1239 1974 pro
1255 1877 1405 1975 legibus

351 1990 586 2081 haberentur,
605 2002 648 2064 ut
665 1992 776 2065 etiam
793 1991 863 2088 ipsi
881 2002 1113 2081 vexarentur,
1131 2002 1170 2064 et
1186 1990 1235 2064 ad
1260 1992 1404 2090 suppli-

352 2103 462 2194 cium,
479 2105 614 2202 partim
640 2128 663 2178 a
687 2103 788 2177 falsis
813 2104 1002 2199 prophetis
1027 2104 1163 2200 partim
1188 2129 1212 2178 a
1237 2105 1403 2201 regibus,

352 2229 617 2313 quaererentur.
669 2219 792 2291 Etiam
815 2218 908 2291 liber
925 2218 1034 2314 Legis
1051 2217 1124 2306 hic,
1143 2217 1208 2313 qui
1225 2231 1402 2316 receptus

351 2355 418 2428 pro
432 2332 513 2430 lege
532 2333 600 2406 Dei
619 2344 657 2405 et
675 2333 912 2406 confirmatus
926 2331 1206 2421 fuerataJosia,
1224 2355 1403 2407 unacum

351 2444 558 2518 divinorum
573 2469 726 2541 operum
740 2444 895 2517 historia
911 2455 1002 2534 tota,
1020 2456 1186 2540 tempore
1204 2443 1401 2540 captivita-

351 2559 399 2632 tis
428 2582 512 2631 cum
548 2569 741 2655 caperetur
774 2556 992 2646 Jerusalem,
1020 2555 1185 2652 perditus
1215 2567 1321 2642 erat;
1356 2571 1401 2633 ut

351 2684 497 2745 constat
507 2672 542 2763 (4
561 2672 667 2745 Esdr.
682 2672 755 2744 xiv.
775 2672 840 2766 21)
860 2700 868 2742 :
896 2670 979 2743 Lea
997 2679 1063 2743 tua
1081 2694 1174 2743 urso
1192 2679 1250 2743 est
1260 2699 1275 2754 ;
1293 2697 1399 2746 nemo

351 2796 420 2876 est,
439 2787 504 2884 qui
530 2785 724 2884 cognoscit
741 2808 860 2883 opero
878 2784 1116 2882 patefecisti,
1135 2809 1254 2881 neque
1278 2810 1398 2883 opera

351 2923 435 2996 quoe
449 2899 629 2994 facturus
646 2925 699 2972 es.
751 2899 850 2972 Ante
864 2899 1127 2995 captivitatem,
1141 2924 1164 2972 a
1177 2911 1346 2995 tempore
1358 2902 1397 2975 in

352 3037 424 3108 quo
437 3013 528 3086 liber
539 3014 647 3109 Legis
665 3013 820 3086 amissus
839 3024 906 3103 est,
921 3013 1036 3108 (quod
1053 3023 1198 3110 tempus
1215 3013 1254 3085 in
1273 3013 1398 3111 Scrip-

349 3126 442 3199 turis
465 3127 587 3200 Sacris
610 3151 686 3199 non
708 3126 887 3221 signatur,
906 3125 970 3198 sed
994 3125 1143 3198 videtur
1167 3125 1279 3198 fuisse
1301 3136 1396 3200 tem-

349 3263 438 3335 pore
453 3240 692 3329 Rehoboami,
704 3239 851 3336 quando
867 3239 1022 3312 Shishac
1036 3262 1101 3311 rex
1125 3238 1277 3335 AEgypti
1304 3251 1396 3312 tem·

349 3353 451 3449 plum
476 3353 669 3450 spoliavit),
696 3376 813 3449 usque
841 3353 889 3425 ad
916 3363 1062 3447 tempus
1089 3352 1213 3441 Josiae,
1245 3353 1394 3448 quando

349 3478 587 3562 recuperatus
617 3475 707 3553 erat,
733 3465 875 3538 nullum
901 3465 1062 3537 habuere
1086 3464 1208 3538 Judaei
1240 3466 1395 3539 verbum

349 3579 418 3651 Dei
446 3580 636 3675 scriptum,
654 3578 720 3651 sed
739 3602 805 3651 suo
830 3577 984 3650 arbitrio
1009 3589 1257 3674 regnaverunt
1274 3602 1393 3675 regeS,

347 3694 405 3766 vel
424 3692 575 3766 consilio
594 3715 721 3764 eorum
739 3715 831 3786 quos
850 3692 1011 3764 habuere
1028 3714 1096 3787 pro
1113 3690 1315 3787 prophetis

400 3806 592 3900 Scriptura
611 3828 700 3900 ergo
723 3804 869 3877 Veteris
885 3804 1124 3893 Testamenti,
1143 3829 1253 3900 quam
1279 3804 1393 3879 habe-

348 3944 429 3993 mus
441 3920 564 4009 hodie,
582 3917 759 3991 canonica
768 3918 790 3991 J
793 3918 907 3991 udaeis
921 3943 996 3992 uon
1010 3929 1101 4007 erat,
1112 3942 1232 4014 neque
1244 3918 1316 4008 lex,
1328 3943 1394 3992 an·

348 4046 495 4130 tequam
523 4044 762 4105 renovassent
788 4044 939 4127 pactum
957 4031 1025 4105 sub
1046 4031 1175 4120 esdra,
1195 4044 1392 4129 postquam

348 4173 370 4220 a
394 4147 608 4244 captivitate
631 4144 827 4218 rediissent
850 4144 888 4217 in
909 4143 1100 4227 Judaeam3
1127 4145 1173 4217 ab
1198 4168 1242 4219 eo
1265 4157 1390 4219 autem

347 4273 524 4357 ternpore,
551 4284 619 4356 pro
646 4259 725 4355 lege
751 4257 964 4332 Judaeorum
990 4281 1134 4354 semper
1158 4257 1285 4332 habita
1310 4271 1390 4345 est;
