2926 4980
518 345 572 397 nn
592 346 775 399 nonius.
1122 331 1170 410 47

119 509 423 585 adolescentibus
445 511 630 602 laudatur,
654 524 698 587 ut
719 515 867 610 signum
883 513 1064 611 cupientis
1080 511 1175 589 nibil
1213 550 1352 603 (μη,

120 624 264 709 facere,
289 624 359 697 uisi
384 625 488 720 quod
516 625 565 698 sit
598 625 792 699 laudabile.
843 627 888 699 ln
924 626 1072 700 senibus
1094 651 1172 700 non
1183 631 1355 753 „eff

122 738 314 824 laudatur,
338 750 537 835 propterea
562 739 804 835 quodminus
829 741 937 815 venia
961 740 1065 837 digni
1087 750 1360 879 ειιιιῐᾝᾞ

124 876 244 925 senes.

175 967 424 1062 Contemptus
447 967 556 1041 bonae
580 967 859 1041 existimationis
884 968 1089 1065 appellatur
1106 967 1332 1047 tra-raptas

121 1080 325 1178 pudentia.

176 1193 295 1266 Dolor
319 1194 368 1265 ob
394 1193 641 1268 calamitatem
665 1195 835 1283 alienam,
862 1195 997 1268 dicitur
1026 1193 1343 1266 miseri-naama.

129 1306 277 1394 cordia,
304 1305 496 1402 oriturque
521 1330 545 1378 a
571 1306 874 1396 consideratione,
901 1306 1001 1402 quod
1025 1306 1174 1379 sibimet

128 1419 197 1516 ipsi
214 1418 431 1514 contingere
448 1431 573 1515 potest
590 1420 778 1493 calamitas
795 1421 943 1505 similis;
971 1431 1009 1493 et
1026 1420 1073 1492 ob
1091 1443 1176 1492 eam

127 1558 206 1606 rem
222 1533 350 1605 vocari
373 1533 483 1605 etiam
509 1533 602 1605 solet
619 1534 839 1631 contpaaaio.
891 1533 1088 1607 Calamitas
1103 1532 1173 1604 ita-

128 1670 200 1742 que
216 1645 350 1728 aliena,
364 1645 394 1717 si
411 1669 434 1717 a
451 1669 586 1741 magno
603 1646 745 1718 oriatur
761 1646 887 1742 ipsius,
902 1647 961 1720 cui
979 1644 1171 1741 contingit,

127 1759 280 1847 scelere,
291 1770 397 1831 tanto
408 1759 529 1832 minus
540 1759 712 1855 producit
724 1760 1033 1834 misericordium.
1079 1761 1173 1832 Item

128 1873 168 1945 in
193 1872 326 1944 eadem
349 1872 558 1945 calamitate
578 1873 699 1946 miuus
720 1874 984 1948 misericorder
1003 1885 1089 1947 suut
1106 1872 1172 1960 illi,

129 1987 193 2081 qui
216 1985 418 2058 calamitati
443 1985 555 2058 simili
576 1986 727 2059 minime
751 1987 928 2061 obnoxios
951 2012 989 2061 se
1014 2011 1094 2060 esse
1113 1987 1173 2081 ju-

130 2099 270 2172 dicant.

180 2212 325 2284 Alienae
350 2211 568 2284 calamitatis
593 2224 837 2308 contemptus
861 2214 1072 2287 nominatur
1088 2236 1315 2292 crat-crassa.

131 2325 288 2414 delitus,
302 2325 541 2422 proceditque
554 2349 577 2398 a
588 2325 748 2421 propriae
765 2326 971 2399 securitatis
989 2325 1170 2421 opinione.

131 2439 232 2512 Nam
252 2448 297 2510 ut
318 2438 450 2533 aliquis
478 2438 547 2510 sibi
567 2438 711 2533 placeat
738 2439 777 2511 in
804 2439 909 2512 malis
932 2439 1071 2527 alienis,
1095 2438 1174 2511 sine

130 2553 204 2625 alio
221 2553 306 2640 fine,
324 2550 471 2623 videtur
487 2551 577 2623 mihi
593 2551 826 2647 impossibile.

182 2664 298 2737 Dolor
323 2664 372 2736 ob
397 2687 606 2736 successum
630 2664 881 2759 competitoris
901 2663 1055 2759 alicujus
1076 2663 1174 2736 circa

132 2778 311 2851 honorem
321 2789 386 2850 aut
399 2777 544 2850 divitias
557 2788 621 2850 aut
633 2776 734 2849 aliud
745 2778 895 2866 bonum,
911 2777 941 2849 si
956 2778 1173 2872 conjunctus

133 2892 182 2964 sit
216 2915 299 2963 cum
340 2902 476 2964 conatu
514 2890 743 2986 diligentiam
779 2889 968 2985 propriam
1002 2888 1173 2986 augendi,

132 3004 323 3077 aemulatio
358 3004 517 3087 dicitur;
552 3004 609 3076 siu
643 3003 887 3098 conjungatur
919 3026 1003 3074 cum
1038 3015 1175 3076 conatu
1187 3037 1314 3082 amnas,

133 3118 415 3213 competitorem
432 3116 582 3189 fallendi
599 3115 657 3189 vel
675 3115 910 3211 impediendi,
929 3115 1071 3188 invidia
1089 3127 1156 3189 est.
1186 3153 1279 3196 aaa,

184 3229 344 3311 Quando
376 3229 414 3301 in
443 3230 565 3301 auimo
599 3228 759 3301 humano
794 3228 990 3324 appetitus
1020 3230 1174 3319 aversio,

134 3366 228 3439 apes,
239 3355 374 3431 metus
387 3341 486 3414 circa
501 3365 578 3414 rem
595 3341 750 3414 eandem
768 3341 938 3413 oriuntur
954 3341 1174 3430 alternatim,

134 3456 359 3550 veniuntque
376 3455 416 3527 in
431 3455 594 3528 animum
609 3455 769 3529 faciendi
787 3454 1052 3549 omittendique
1067 3456 1175 3528 bonae

135 3570 314 3665 malaque
338 3570 612 3664 consequentiae
637 3568 859 3652 successive;
889 3568 981 3641 adeo
998 3581 1043 3641 ut
1064 3569 1176 3640 inter-

137 3681 224 3755 dum
257 3692 485 3778 appetamus,
519 3682 706 3756 interdum
739 3681 949 3777 fugiamus3
990 3681 1175 3754 interdum

138 3819 336 3891 speremus,
359 3795 544 3869 interdum
569 3807 797 3880 metuamus;
828 3808 918 3868 tunc
944 3805 1062 3868 totum
1084 3793 1175 3867 illud

139 3910 349 4003 passionum
376 3920 629 4004 aggregatum,
658 3920 808 3981 eatenus
837 3907 973 3979 durans
1001 3907 1088 3979 dum
1116 3930 1175 3979 res

140 4023 269 4094 effecta
287 4022 334 4094 sit
349 4020 407 4093 vel
425 4022 573 4116 rejecta,
590 4033 743 4093 vocatur
760 4019 996 4092 deliberatio.
1188 4050 1327 4096 neumata

189 4136 317 4232 ltaque
335 4134 381 4207 de
403 4134 513 4208 rebus
533 4135 729 4231 praeteritis
748 4132 972 4208 deliberatio
990 4134 1091 4207 nulla
1108 4145 1174 4223 est,
