2926 4980
284 335 357 403 348
524 351 578 405 un
597 352 791 406 crvrrars
811 350 1077 406 cantamine.

106 539 175 590 mr.
188 541 243 591 xv..
282 544 406 616 regem
437 520 505 594 sibi
540 521 631 612 dari,
662 546 764 596 more
797 522 975 619 gentium,
1008 518 1253 618 postularent,
1280 514 1322 589 id

106 681 182 787 Ψ
196 694 257 737 „um
106 625 407 706 *tamen
425 657 499 706 non
517 658 560 708 eo
577 637 729 710 consilio
746 635 913 709 fecerunt
930 646 973 709 ut
990 634 1129 708 cultum
1141 630 1211 704 Dei
1225 629 1321 726 pris-

106 808 203 860 mm
148 745 258 788 aaa...
226 745 402 818 ro‘tinum
428 746 651 837 desererent,
680 747 744 822 sed
774 749 860 844 quia
882 748 1065 844 justitiam
1090 769 1114 819 a
1138 743 1224 818 filiis
1255 742 1322 816 Sa·

106 874 257 982 ppt·
189 842 257 917 κυέ-
205 823 412 932 θαἰηιιθίἰε
430 859 675 959 desperantes,
697 861 892 935 voluerunt
900 859 1039 956 judicia
1055 857 1175 932 civilia
1190 880 1213 930 a
1228 879 1320 952 rege

106 944 259 1048 edidi.
283 971 542 1062 administrari,
557 997 631 1046 non
651 973 751 1071 quod
768 972 995 1047 ceremonias
1006 971 1185 1045 Leviticae
1202 968 1319 1043 aboli-

283 1095 341 1158 tas
368 1084 515 1158 vellent.
581 1087 709 1182 Itaque
736 1098 957 1183 praetextum
987 1106 1129 1180 semper
1157 1081 1320 1178 aliquem

283 1197 352 1270 sibi
368 1212 613 1288 reservarunt,
630 1200 689 1272 vel
714 1224 737 1273 a
755 1199 898 1295 justitia
922 1200 981 1272 vel
997 1223 1020 1271 a
1036 1197 1223 1293 religione,
1243 1219 1319 1291 quo

283 1332 323 1382 ae
353 1309 560 1385 obedientia
587 1312 789 1386 rectoribus
822 1314 896 1386 suis
931 1311 1056 1385 debita
1088 1308 1317 1406 expedirent.

285 1422 501 1497 Succensuit
513 1425 649 1521 populo
663 1426 809 1500 Samuel
820 1425 918 1522 quod
929 1448 1066 1521 regem,
1071 1424 1210 1519 rejecto
1223 1421 1317 1511 Deo,

282 1536 531 1631 postularent;
557 1536 667 1627 idem,
686 1539 832 1635 quaudo
850 1537 982 1610 Saulus
998 1535 1191 1609 consilium
1209 1558 1318 1608 snum

283 1649 320 1721 in
337 1647 539 1722 occidendo
563 1650 681 1748 Agag,
705 1652 813 1746 juxta
838 1649 1051 1723 mandatum
1069 1648 1148 1736 Dei,
1166 1647 1318 1744 neglex-

282 1771 371 1851 erat,
389 1760 501 1835 ahum
517 1787 642 1860 regem
659 1764 778 1854 unxit,
789 1788 920 1859 nempe
931 1763 1122 1851 Davidem,
1140 1763 1203 1858 qui
1215 1762 1317 1835 Sauli

281 1875 445 1949 haeredes
457 1900 571 1973 regno
585 1878 757 1974 privaret.
786 1878 998 1950 Rehoboam
1011 1874 1219 1949 idohlarra
1236 1875 1318 1972 qui·

282 1987 366 2062 dem
394 2012 469 2061 non
497 2002 586 2079 erat,
614 1990 679 2064 sed
707 1990 876 2086 populus,
905 1989 991 2086 quia
1019 1987 1212 2061 videbatur
1245 1988 1316 2060 sibi

281 2124 436 2196 regnare
455 2101 674 2193 duriuscule,
692 2105 737 2177 ab
755 2127 799 2177 eo
826 2103 989 2176 defecit·
1024 2103 1093 2176 Per
1117 2111 1234 2175 totam
1252 2102 1316 2174 de-

282 2214 392 2310 nique
419 2214 610 2289 historiam
644 2239 773 2313 regum
806 2216 945 2290 Judaeae
975 2226 1014 2288 et
1047 2214 1205 2303 israelis
1232 2238 1318 2311 pro-

281 2326 402 2423 phetae
419 2339 655 2401 surrexerunt
670 2329 800 2416 indies,
814 2329 876 2424 qui
894 2352 999 2424 reges
1017 2326 1201 2400 criminati
1218 2336 1316 2416 srmt,

282 2439 477 2535 aliquando
495 2441 594 2535 quod
608 2441 832 2537 religionem,
848 2439 1043 2536 aliquando
1062 2440 1161 2536 quod
1178 2451 1316 2513 statum

282 2553 426 2626 civilem
443 2553 536 2626 male
562 2553 871 2628 administrarent.
924 2555 984 2629 Sic
1009 2578 1075 2626 rex
1090 2553 1317 2649 lehosaphat

281 2665 520 2762 reprehensus
538 2681 592 2740 est
610 2691 632 2738 a
649 2669 828 2763 propheta
844 2668 951 2756 Jehu,
980 2665 1079 2763 quod
1109 2689 1234 2762 regem
1261 2667 1316 2740 ls-

281 2779 388 2851 raelis
402 2779 609 2873 adjuvasset
626 2792 757 2852 eontra
769 2781 915 2877 Syrios;
942 2792 981 2853 et
992 2803 1056 2852 rex
1072 2780 1256 2853 Hezekias
1267 2782 1314 2853 ab

282 2891 414 2980 lsaiah,
433 2891 530 2986 quod
554 2893 766 2965 thesaurum
788 2894 929 2989 regium
948 2891 1166 2966 ostendisset
1182 2893 1315 2988 legatis

283 3004 524 3100 Babylonicis.
552 3005 705 3079 Constat
718 3030 818 3102 ergo,
831 3007 899 3079 etsi
913 3019 1109 3101 utrumque
1117 3007 1178 3102 jus
1192 3030 1315 3079 rerum

282 3118 442 3191 civilium
469 3131 507 3191 et
534 3117 737 3191 divinarum
756 3130 850 3192 esset
874 3120 913 3191 in
939 3119 1099 3214 regibus,
1130 3119 1314 3192 neminem

282 3243 404 3304 tamen
438 3230 514 3303 fere
547 3254 676 3327 regum
703 3232 847 3305 illorum
869 3234 929 3328 jus
954 3256 1061 3304 suum
1084 3231 1162 3304 sine
1189 3256 1315 3329 repre-

282 3344 517 3417 hensionibus
529 3344 655 3441 populi
667 3344 827 3440 potuisse
838 3368 1020 3418 exercere.
1048 3344 1106 3417 illi
1117 3343 1185 3418 soli
1195 3369 1314 3442 reges,

284 3482 440 3553 qnorum
457 3459 510 3530 vis
527 3458 699 3532 terribilis
723 3469 786 3532 aut
810 3458 964 3531 felicitas
990 3456 1205 3531 admiranda
1222 3472 1315 3549 erat,

283 3570 453 3643 vixerunt
484 3570 725 3645 laudabiliter.
795 3571 888 3645 Cum
915 3596 1004 3668 ergo
1032 3582 1071 3644 et
1095 3573 1155 3668 jus
1184 3595 1314 3668 regum

283 3684 515 3757 manifestum
532 3684 592 3773 sit,
616 3698 654 3758 et
679 3686 844 3782 populus,
863 3699 972 3781 atque
990 3685 1102 3759 etiam
1119 3683 1315 3781 aliquando

283 3798 351 3895 ipsi
368 3798 567 3895 prophetae,
586 3797 625 3869 id
642 3822 716 3870 non
733 3798 963 3895 intelligant;
986 3801 1071 3895 jura
1088 3822 1226 3895 regum,
1251 3821 1314 3870 ex-

283 3911 411 4007 emplis
429 3910 546 3983 ductis
571 3910 618 3982 ab
644 3910 851 4005 ignorantia
867 3912 1002 4008 populi,
1021 3912 1119 3985 vela
1146 3910 1316 3985 doctrina

283 4024 481 4120 prophetae,
500 4023 703 4120 oppugnari
719 4023 884 4119 iniquum
903 4037 969 4098 est.
1020 4024 1141 4099 Judaei
1158 4024 1315 4098 durante

284 4138 494 4233 captivitate
520 4137 706 4209 civitatem
730 4137 878 4209 omniuo
904 4162 978 4211 non
1004 4138 1174 4211 habuere.
1227 4136 1315 4211 Post

282 4248 440 4323 reditum
458 4262 593 4338 autem,
612 4247 681 4323 etsi
697 4258 844 4345 paetum
869 4274 952 4324 cum
971 4251 1049 4324 Deo
1078 4261 1312 4338 renovarunt,
