2926 4980
155 366 229 432 516
397 379 614 434 nrnammx
632 380 689 433 an
708 380 969 433 susurnam.

9 580 68 633 Ἀρ,
83 583 106 634 1,
155 571 231 621 non
246 570 327 620 eam
345 547 397 621 ita
414 547 680 644 accipiendam,
695 547 797 645 quasi
811 559 911 621 esset
927 548 1106 645 mysterii
1122 550 1222 623 tanti

9 664 117 771 Illi„

156 659 291 734 idonea
306 661 527 758 explicatio;
556 661 622 734 sed
643 672 687 735 ut
711 685 785 757 qua
808 661 948 734 nullam
974 674 1144 758 potuere
1160 664 1219 736 in·

157 773 282 850 venire
299 774 487 848 meliorem
503 806 512 859 ;
540 798 668 847 omnes
690 775 787 847 enim
807 774 844 847 in
862 798 907 849 eo
924 790 1218 866 consenserimt,

157 887 565 984 incomprehensibilem
580 910 660 961 esse
677 899 848 961 naturam
858 887 940 976 Dei,
951 900 991 962 et
1000 890 1216 981 Trinitatis,

158 1014 196 1074 et
221 1002 452 1098 angelorum,
469 1012 509 1075 et
533 1001 591 1093 (ut
608 1000 714 1074 addit
730 1001 973 1097 Athanasius)
994 1003 1139 1079 animae
1156 1028 1217 1079 ra·

157 1114 316 1187 tinnulis

207 1227 256 1300 A.
284 1227 380 1299 Mihi
416 1225 565 1323 quidem
600 1250 674 1300 nou
708 1238 809 1300 recte
843 1226 1019 1301 videntur
1049 1230 1213 1306 voluisse

157 1341 374 1437 mysterium
404 1338 493 1413 illud
523 1339 718 1436 explicare.
784 1339 885 1414 Quid
909 1341 1009 1414 euim
1026 1343 1134 1417 aliud
1158 1356 1213 1419 est

158 1452 376 1550 mysterium
395 1452 579 1549 explicare
592 1476 703 1548 quam
720 1451 920 1542 destruere,
944 1453 1024 1528 sive
1042 1480 1090 1529 ex
1115 1482 1213 1556 mys-

158 1568 253 1639 terio
282 1565 403 1639 facere
434 1590 508 1639 non
534 1566 777 1663 mysterium?
842 1566 949 1640 Fides
976 1569 1091 1657 enim,
1121 1596 1211 1645 cou-

159 1704 266 1753 versa
280 1680 318 1752 in
336 1679 539 1768 scientiam,
563 1679 704 1770 interit,
730 1680 966 1753 manentibus
990 1682 1073 1756 sola
1089 1707 1157 1781 spe
1173 1698 1212 1759 ct

159 1795 350 1868 charitate.

210 1908 259 1981 B.
286 1906 428 1980 Lumen
451 1930 540 2003 ergo
567 1906 616 1980 de
641 1904 777 1979 lumine
802 1906 840 1978 in
867 1905 1033 2003 symbolo
1055 1911 1212 2005 ponitur

158 2032 305 2095 tantum
327 2043 394 2116 pro
421 2018 605 2115 adjutorio
629 2018 716 2091 fidei
742 2019 885 2093 caeteris
910 2019 1079 2094 articulis
1105 2022 1212 2095 adhi-

158 2134 303 2208 hcndae.

211 2251 260 2321 A.
289 2246 466 2342 Sequitur
484 2244 659 2340 deinceps
677 2244 853 2318 articulus
872 2244 932 2318 ille
955 2270 1130 2343 magnus,
1150 2248 1212 2345 qui

162 2363 199 2435 in
218 2360 410 2433 ecclesiam
436 2357 627 2453 antiquam
658 2368 716 2431 tot
739 2357 867 2430 mrbus
888 2358 1026 2448 intulit,
1044 2360 1160 2434 exilia
1175 2374 1213 2434 et

161 2470 734 2562 homicidia,consubstantialem
745 2470 873 2562 Patri,
880 2494 958 2570 per
970 2496 1079 2570 quem
1090 2473 1213 2546 omnin

146 2590 271 2686 facta
289 2594 386 2658 aaut.

213 2701 262 2773 B.
288 2701 336 2771 Et
351 2698 499 2795 quidem
517 2696 728 2769 verissimus
756 2706 823 2786 est,
841 2697 963 2769 verbis
981 2699 1122 2794 apertis
1149 2700 1212 2773 de-

165 2816 325 2888 claratus
343 2838 365 2885 a
383 2813 420 2884 S.
435 2812 604 2884 Johanne
619 2833 646 2882 1.
664 2819 677 2883 l
698 2839 707 2882 ι
735 2809 781 2883 In
792 2811 990 2910 principio
1007 2823 1096 2884 erat
1123 2814 1213 2887 Ver-

166 2927 258 3017 bum,
277 2935 315 2998 et
337 2924 494 2997 Verbum
512 2932 597 2995 erat
616 2923 723 3020 apud
737 2923 870 3012 Deum,
891 2935 927 2995 et
949 2924 1107 2998 Verbum
1125 2939 1214 3001 erat

163 3040 281 3112 Deae.
332 3040 381 3110 Et
398 3039 504 3128 (vers.
525 3038 563 3129 3)
580 3063 588 3105 :
612 3034 744 3107 Omnia
755 3060 831 3133 per
845 3036 1093 3135 ipsumfncta
1111 3052 1211 3113 sunt.

213 3153 262 3226 A.
291 3151 393 3227 Quid
410 3150 671 3224 intellexerunt
682 3150 809 3222 Patres
826 3173 893 3245 per
918 3148 1074 3223 Verbum
1088 3156 1110 3225 9

213 3267 262 3340 B.
290 3267 421 3338 Filium
449 3265 519 3337 Dei
544 3263 762 3352 naturalem,
790 3263 866 3335 sive
891 3263 1059 3358 genitum
1077 3289 1102 3337 a
1118 3265 1211 3356 Deo,

163 3405 186 3452 a
202 3379 396 3476 principie,
415 3376 539 3465 idest,
558 3376 603 3447 ab
621 3388 773 3449 aeterno,

213 3494 262 3563 A.
290 3489 481 3586 Numquid
508 3514 551 3562 eo
577 3489 659 3562 loco
693 3488 849 3561 Verbum
878 3488 1062 3584 significat
1079 3513 1211 3564 vocem

163 3605 335 3699 aliquam,
354 3616 395 3675 ut
412 3626 544 3675 sonum
562 3626 584 3674 a
600 3602 679 3674 Deo
698 3599 907 3697 prolatum?

213 3718 263 3789 B.
292 3715 410 3787 Absit,
455 3715 581 3786 Patres
598 3713 637 3785 id
653 3713 790 3810 passim
807 3723 955 3809 negant.

213 3828 261 3903 A.
291 3827 391 3903 Quid
408 3826 525 3922 ergo?
573 3826 710 3899 Vocem
724 3826 920 3916 internam,
935 3824 1042 3921 quale
1061 3839 1117 3900 cst
1140 3828 1211 3902 Dei

163 3945 353 4017 decretum
372 3956 552 4014 aeternum
580 3939 625 4012 de
652 3939 847 4013 condendo
874 3937 1012 4012 mundo
1043 3952 1082 4012 et
1112 3941 1211 4015 redi-

161 4056 296 4130 mendo
310 4055 458 4127 homine
472 4052 485 4125 l

213 4170 262 4240 B.
292 4167 427 4240 Nescio
447 4165 578 4238 dehac
597 4188 637 4236 re
656 4163 745 4260 quid
763 4165 947 4237 senserint
964 4164 1091 4238 Patres
1107 4197 1116 4249 ;
1144 4167 1211 4240 sed

161 4293 254 4377 puto
284 4280 365 4351 illos
394 4278 501 4351 aliter
529 4278 695 4367 sensisse,
724 4301 771 4349 ne
801 4277 954 4353 nimium
989 4278 1209 4352 accederent
