2926 4980
372 384 425 434 nn
447 381 584 434 sueno
603 382 907 436 nnnuannnum.
1083 371 1156 436 455

116 551 255 623 nonsit
272 575 382 646 quam
397 550 607 646 conjuratio
621 549 697 622 sive
709 549 916 622 incantatio
922 576 935 632 ;
954 572 1021 645 per
1033 573 1156 645 quam,
1170 585 1247 635 epp,
1263 585 1358 636 mv,

116 664 360 737 mutationem
376 677 529 751 naturae,
548 664 611 736 ubi
628 688 703 736 non
720 675 788 752 est,
806 662 908 736 credi
922 687 1000 737 esse
1012 663 1155 752 volunt,
1184 665 1341 768 Μ

116 789 247 850 contra
273 777 462 851 oculorum
479 791 769 872 caeterorumque
796 777 960 850 omnium
983 801 1156 851 sensuum
1183 789 1334 898 pifiwffiu·

115 889 379 963 testimonium.
406 890 573 986 Exempli
585 890 751 979 causa‚in
762 891 1038 964 consecratione
1049 891 1155 987 panis
1183 859 1361 963 inimic

116 1002 246 1075 etvini
263 1003 300 1076 in
319 1027 425 1075 coena
443 1002 636 1091 dominica,
655 1026 737 1099 quae
755 1003 1055 1077 commemoratio
1073 1016 1155 1076 tan-
1184 984 1353 1043 &fif‘m

117 1127 196 1188 tum
213 1128 268 1188 est
286 1116 424 1189 Christi
441 1115 478 1188 in
497 1141 605 1190 cruce
618 1116 667 1189 ad
683 1116 975 1212 redemptionem
991 1127 1156 1189 nostram

116 1230 306 1324 passioniS,
334 1228 480 1324 quando
505 1229 673 1303 sacerdos
690 1231 802 1302 verba
820 1229 1025 1302 Servatoris
1039 1229 1156 1302 nostri

116 1343 342 1438 pronuntiat,
360 1342 430 1414 hoc
454 1351 512 1414 est
541 1365 678 1439 corpus
705 1367 821 1414 meum
850 1351 889 1414 et
914 1342 975 1414 hic
992 1351 1050 1415 cet
1065 1365 1154 1414 eon-

114 1457 205 1555 guie
223 1481 334 1546 meur,
352 1468 522 1529 naturam
536 1457 642 1552 panis
660 1456 792 1528 etvini
817 1455 919 1529 abire
946 1455 1048 1544 dicit,
1062 1465 1101 1528 et
1118 1454 1156 1527 in

117 1571 195 1665 ejus
221 1570 342 1643 locum
366 1569 561 1643 succedere
588 1569 724 1642 Christi
743 1593 877 1666 corpus
893 1592 1019 1642 verum
1039 1580 1078 1641 et
1095 1592 1156 1641 ve·

116 1707 197 1756 rum
224 1682 467 1778 sauguinem:
504 1705 712 1777 quanquam
742 1706 862 1777 neque
889 1681 1005 1755 oculis
1032 1704 1152 1777 neque

115 1797 181 1869 ulli
197 1796 320 1870 sensui
338 1795 547 1892 recipientis
558 1805 732 1890 appareat
749 1794 944 1890 quicquam
964 1793 1065 1889 quod
1080 1819 1155 1868 non

116 1921 345 2006 apparuerat,
371 1920 568 2003 antequam
583 1907 696 1980 verba
725 1906 787 1979 illa
816 1907 1154 2002 pronuntiarentur.
1261 1955 1263 1960 -

116 2027 369 2100 Incantatores
381 2024 557 2120 AEgyptii,
575 2048 657 2096 cum
675 2024 798 2120 virgas
810 2047 894 2096 suas
911 2024 950 2095 in
968 2037 1156 2120 serpentes

116 2150 154 2211 et
170 2164 302 2235 aquam
320 2139 357 2212 in
375 2138 590 2234 sanguinem
613 2138 890 2226 convertissent,
908 2148 1156 2234 spectatorum

116 2252 279 2326 sensibus
302 2251 393 2324 falsa
410 2275 533 2324 rerum
550 2250 671 2347 specie
695 2250 850 2324 illusisse
868 2262 1013 2324 tantum
1031 2251 1155 2325 existi-

116 2375 263 2438 mantur
279 2396 288 2449 ;
307 2377 487 2437 vocantur
497 2376 622 2436 tamen
639 2363 678 2435 in
694 2364 887 2461 Scriptura
900 2364 1013 2437 Sacra
1029 2364 1155 2438 incan-

115 2491 261 2553 tatores.
315 2479 387 2552 Sed
406 2503 478 2576 quo
497 2478 645 2551 nomine
663 2477 869 2574 appellandi
888 2477 1053 2566 fuissent,
1068 2477 1098 2549 si
1115 2476 1153 2550 in

115 2594 227 2689 virgis
243 2593 317 2667 suis
335 2617 381 2666 ne
398 2593 537 2689 species
556 2592 702 2688 quidem
721 2592 957 2688 serpentium,
975 2614 1094 2685 neque
1115 2590 1152 2662 in

115 2708 218 2803 aquis
231 2707 302 2779 illis
315 2707 453 2803 species
466 2705 665 2801 sanguinis,
677 2705 752 2777 ulla
765 2704 1003 2800 apparuisset,
1015 2702 1080 2776 sed
1095 2727 1156 2776 co-

115 2845 193 2893 ram
211 2844 298 2916 rege
314 2818 548 2915 impudenter
565 2819 806 2891 asseruissent
822 2818 955 2913 virgas,
974 2841 1056 2912 quae
1075 2816 1153 2912 regi

115 2948 158 3006 ut
176 2935 288 3030 virgae
305 2943 565 3029 apparuerunt,
577 2944 764 3026 serpentes
782 2955 871 3019 esse,
882 2943 921 3003 et
938 2930 1154 3026 sanguinem

115 3070 195 3120 esse
224 3070 307 3142 quae
333 3045 411 3142 regi
433 3070 531 3140 aqua
546 3043 766 3117 videbatur?
817 3042 1037 3139 Appellandi
1054 3056 1153 3116 certe

115 3172 221 3232 erant
237 3184 311 3233 non
328 3159 437 3232 modo
451 3160 710 3245 incantatores,
724 3157 908 3230 sedetiam
920 3156 1153 3253 impudenter

115 3273 319 3346 mendaces.
372 3274 455 3347 Hoc
478 3284 601 3346 tamen
626 3271 664 3343 in
682 3270 1017 3344 consecrationibus
1035 3269 1154 3364 quoti-

117 3385 233 3458 dianis
252 3385 395 3460 faciunt
418 3386 581 3459 ecclesiae
605 3385 780 3458 Romanae
804 3383 1025 3471 sacerdotes,
1042 3383 1154 3455 verba

116 3522 220 3571 sacra
246 3499 284 3571 in
309 3499 624 3572 incantamentum
646 3507 844 3584 mutantes,
863 3495 962 3591 quod
988 3495 1080 3568 nihil
1107 3494 1155 3568 ad

116 3635 263 3684 sensum
275 3610 446 3707 producit
461 3611 569 3694 novi3
587 3609 820 3706 impudenter
833 3621 957 3681 tamen
969 3632 1104 3704 panem
1117 3608 1155 3680 in

116 3724 314 3813 hominem,
332 3735 371 3797 et
388 3723 487 3819 quod
510 3723 628 3819 magis
652 3734 720 3812 est,
737 3723 776 3794 in
794 3722 911 3794 Deum
932 3721 1154 3794 convertisse

117 3861 156 3910 se
169 3838 407 3919 affirmantes;
422 3847 459 3909 et
471 3836 626 3933 proinde
640 3835 867 3909 adorandum
882 3858 960 3907 esse
970 3835 1155 3929 jubentes,

116 3964 293 4046 tanquam
311 3961 407 4022 esset
425 3949 597 4022 Servator
613 3961 738 4023 noster
755 3949 833 4044 ipse
850 3947 951 4020 Deus
968 3957 1005 4019 et
1021 3946 1153 4020 homo:

117 4088 199 4161 quae
216 4061 422 4136 idololatria
438 4073 494 4135 est
508 4061 740 4135 crassissima.
784 4059 973 4156 Siquidem
990 4059 1087 4131 enim
1103 4059 1156 4132 di·

117 4203 199 4253 cere
215 4178 408 4264 sufficeret,
421 4198 495 4247 non
513 4173 669 4270 amplius
681 4197 826 4269 panem,
845 4171 909 4245 sed
927 4172 1046 4244 Deum
1063 4195 1153 4261 csse,

117 4316 229 4389 quare
243 4289 409 4364 similiter
422 4311 597 4362 excusare
613 4311 651 4361 se
669 4312 744 4361 non
760 4286 966 4382 potuissent
977 4284 1151 4382 AEgyptii,
