2926 4980
105 572 160 621 AP.
173 570 267 623 val.

111 656 253 685 ἱ--ν--ν

109 711 142 754 De
152 712 247 755 tenebrlfl

108 777 136 818 uh
150 777 210 819 inani

106 840 249 899 philosophie.

295 360 368 425 502
543 373 598 424 nu
617 372 758 425 nuovo
777 372 1081 426 russanum.

294 547 381 610 cent
392 536 590 633 Scriptura
605 538 739 626 Sacrae,
749 537 897 634 regibus
914 550 952 612 et
968 539 1228 636 potestatibus
1246 562 1343 613 sum·

293 650 362 723 mis
380 674 578 748 eorumque
600 651 789 741 ministris,
816 651 927 725 etiam
949 653 1119 743 ethnicis,
1138 678 1162 727 a
1180 652 1342 728 subditis

293 763 367 837 suis
386 764 616 854 Christianis,
634 787 708 836 non
740 765 787 836 ob
813 776 951 837 metum
975 777 1123 839 tantum
1153 766 1226 841 sed
1254 790 1340 841 con-

293 876 456 950 scientiae
473 889 654 965 causant
671 901 694 950 a
710 876 789 950 Deo
806 876 855 950 ad
876 877 1014 953 bonum
1038 890 1215 953 nostrum
1244 880 1340 954 ordi·

291 991 402 1078 natiS,
429 990 671 1064 obediendum
702 1013 793 1064 esse.
846 991 953 1065 Unde
981 993 1096 1089 igitur
1122 1004 1220 1068 nata
1254 1006 1339 1067 sunt

293 1103 339 1177 de
356 1104 544 1201 religione,
566 1105 605 1176 in
623 1102 829 1193 Germania,
856 1104 987 1195 Gallia,
1005 1117 1045 1180 et
1065 1106 1220 1203 Anglia‚
1242 1107 1338 1181 bella

293 1217 426 1307 civilia,
444 1217 514 1290 nisi
531 1242 555 1290 a
570 1216 802 1314 philosophia
817 1218 939 1292 ethica
964 1229 1003 1293 et
1018 1220 1173 1316 politica
1189 1222 1337 1295 Aristo-

292 1330 385 1419 telis,
404 1342 442 1402 et
459 1354 586 1403 eorum
603 1329 667 1427 qui
678 1330 912 1403 Aristotelem
928 1332 1074 1428 sequuti
1092 1346 1183 1406 sunt
1197 1335 1335 1408 Roma·

291 1442 452 1515 norum?
504 1444 679 1516 Mensura
693 1443 783 1516 boni
807 1455 845 1516 et
870 1444 956 1517 mali
980 1445 1022 1517 in
1049 1447 1151 1520 omui
1184 1446 1335 1521 civitate

291 1567 348 1628 est
365 1555 435 1628 lex.
487 1556 702 1629 Aristoteles
720 1567 842 1630 autem
858 1556 1032 1630 virtutem
1049 1571 1088 1631 et
1102 1560 1241 1633 vitium
1259 1584 1333 1635 non

290 1667 433 1764 legibus
450 1667 627 1755 definivit,
641 1669 706 1742 sed
719 1670 826 1743 laude
843 1682 882 1743 et
898 1671 1079 1767 vituperio
1093 1672 1196 1769 apud
1208 1673 1331 1759 cives;

290 1805 420 1878 regum
448 1783 612 1855 omnium
641 1782 835 1880 imperium
866 1783 1103 1880 tyrannidem
1128 1799 1268 1872 vocat;
1294 1789 1332 1861 in

291 1893 516 1969 democratia
546 1898 625 1971 sola
655 1896 860 1970 libertatem
886 1920 964 1970 esse
987 1896 1089 1986 dicit,
1118 1910 1158 1970 et
1184 1899 1278 1995 ipse,
1294 1912 1332 1974 ct

290 2022 374 2105 post
403 2010 506 2083 illum
536 2011 733 2108 scriptores
761 2010 917 2084 Romani
941 2010 1116 2107 plerique,
1143 2012 1193 2086 ab
1222 2014 1331 2087 unius

290 2123 482 2221 Tarquinii
500 2124 597 2221 regis
615 2124 700 2198 odio
718 2124 876 2198 hominis
894 2124 1021 2197 vitium
1038 2124 1257 2200 informem
1274 2152 1331 2201 re·

288 2237 436 2333 giminis
470 2237 744 2322 transferentes
778 2237 879 2310 nullo
914 2237 1061 2334 quidem
1094 2253 1329 2335 argumento,

288 2351 351 2424 sed
369 2351 536 2447 exemplo
550 2352 689 2425 civibus
707 2374 830 2424 rerum
846 2374 1024 2424 novarum
1050 2351 1195 2448 cupidis
1221 2367 1329 2451 grato

288 2464 447 2559 quidem,
466 2464 530 2536 sed
554 2465 765 2560 pernitioso.
819 2465 898 2537 Hos
921 2465 1105 2554 authores,
1123 2465 1268 2542 Graecae
1294 2480 1331 2542 et

287 2577 428 2650 Latinae
444 2578 685 2675 philosophiae
714 2592 753 2650 et
782 2578 1001 2675 eloquentiae
1027 2602 1149 2667 causa,
1173 2581 1331 2676 juvenes

288 2715 371 2763 cum
382 2692 420 2763 in
433 2692 730 2765 universitatibus
745 2693 974 2781 docerentur,
982 2692 1188 2765 doctrinam
1199 2719 1330 2769 eorum

287 2827 508 2876 venenosam
539 2805 645 2878 simul
677 2806 910 2891 imbiberunt,
942 2816 979 2877 et
1005 2805 1186 2895 debono,
1216 2809 1330 2901 malo,

282 2918 395 3011 justo,
423 2919 571 3013 injusto,
602 2917 755 3013 legibus,
788 2930 826 2990 et
855 2919 1042 3014 religione,
1072 2942 1138 2991 suo
1170 2921 1331 3018 quisque

286 3033 438 3104 arbitrio
459 3032 654 3105 statuebat.
707 3033 806 3105 Hinc
831 3032 978 3104 initium
995 3043 1074 3103 erat
1090 3032 1178 3105 mali
1195 3038 1329 3111 nostri.

286 3145 383 3217 Nam
400 3157 438 3218 et
450 3146 732 3241 praedicatorum
748 3169 881 3240 magna
894 3169 990 3240 para,
1009 3145 1072 3240 qui
1090 3144 1135 3217 de
1154 3145 1330 3223 doctrina

147 3330 150 3335 ,
285 3281 351 3330 sua
381 3260 526 3355 egregie
562 3258 780 3345 sentiebant,
808 3269 846 3330 et
879 3257 940 3329 alii
974 3257 1130 3330 lectione
1161 3260 1329 3354 politicae

285 3372 423 3444 Graecae
440 3383 478 3444 et
495 3372 646 3459 Latinae,
673 3372 891 3443 videbantur
916 3370 983 3442 sibi
1010 3371 1134 3466 magni
1157 3374 1327 3467 politici,

283 3485 390 3557 alteri
415 3485 501 3582 quia
523 3485 561 3555 in
579 3485 743 3574 ecclesia,
761 3485 866 3558 alteri
881 3485 966 3580 quia
989 3485 1027 3556 in
1044 3494 1143 3556 statu
1159 3509 1228 3579 pro
1247 3511 1329 3562 am-

283 3598 422 3671 bitione
449 3622 516 3670 sua
540 3622 614 3669 non
631 3599 891 3694 procedebant,
909 3598 1044 3670 bellum
1070 3597 1176 3669 civile
1194 3623 1329 3675 accen·

283 3712 418 3785 derunt
433 3744 442 3795 ;
469 3713 507 3783 in
525 3736 597 3807 quo
614 3712 710 3785 bello
730 3712 835 3784 multi
853 3712 987 3784 civium
1010 3710 1192 3807 myriades
1211 3714 1327 3788 occisi

283 3838 380 3915 suut,
400 3839 437 3899 et
453 3850 517 3898 rex
535 3826 687 3922 indigna
704 3838 821 3899 morte
839 3824 1054 3898 trucidatus.

331 3939 440 4012 Tanti
458 3938 625 4011 constitit
643 3938 811 4010 didicisse
830 3938 1076 4033 eloquentiam
1099 3949 1137 4011 et
1160 3938 1327 4032 philoso-

281 4054 405 4149 phiam
419 4055 585 4126 Graecam
603 4065 640 4124 et
659 4053 850 4124 Latinam:
878 4051 948 4123 nisi
961 4062 1084 4123 autem
1101 4051 1325 4146 praedicato-

281 4191 338 4239 res
355 4166 542 4262 populum,
562 4178 600 4237 et
617 4164 874 4237 universitates
900 4173 1036 4237 nostrae
1061 4164 1325 4260 praedicatores

280 4280 377 4374 ipsos
395 4280 524 4351 melius
542 4279 709 4366 doceant,
721 4277 816 4350 forte
831 4278 964 4350 iterum
978 4277 1033 4349 ad
1053 4276 1204 4372 Trojam
1214 4303 1323 4377 mag-

278 4416 346 4464 nus
365 4394 533 4464 initietur
552 4390 734 4463 Achillea.
