2926 4980
496 382 549 436 nn
569 385 772 437 crvma‘rn„
1083 367 1154 436 205

120 573 276 646 persona
295 550 468 641 civitatis,
486 575 628 648 semper
650 551 909 648 intelligendus
933 562 991 623 est
1008 551 1100 623 velle
1117 549 1156 622 id
1168 583 1244 633 erp,
1256 583 1316 631 xxx

121 661 220 759 quod
236 687 383 759 aequum
414 676 479 737 est.
544 665 684 760 ltaque,
712 665 742 736 si
767 664 985 737 sententiam
1014 687 1156 759 aequam
1197 669 1316 780 ᾗ

121 799 196 848 non
225 789 427 872 suggerant
452 777 565 850 verba
591 777 681 873 ipsa,
698 777 798 873 leges
823 776 1007 849 naturales
1025 799 1157 848 consu·
1200 749 1306 845 salin

121 889 239 962 lendae
253 903 360 976 sunt;
386 890 534 986 alioqui,
553 903 680 963 contra
696 890 866 986 injuriam
883 889 1083 962 remedium
1093 890 1158 962 ha-

122 1002 201 1075 beri
218 1027 294 1076 non
305 1016 430 1100 potest
444 1038 453 1089 ;
472 1005 510 1077 id
528 1005 627 1101 quod
638 1016 767 1077 contra
780 1003 1004 1077 voluntatem
1014 1003 1159 1098 legisla-

123 1116 213 1189 toris
234 1117 514 1213 supponendum
536 1130 601 1191 est.
662 1118 868 1190 Facultates
891 1118 930 1189 iu
952 1118 1049 1189 bono
1067 1115 1159 1212 legis

123 1228 337 1324 interprete,
355 1229 477 1320 idest,
495 1231 533 1303 in
551 1232 647 1303 bono
666 1231 789 1326 judice
806 1231 1003 1326 requisitae,
1021 1231 1159 1303 eaedem

124 1365 198 1414 non
209 1355 296 1415 sunt
306 1367 389 1438 quae
402 1344 636 1438 requiruntur
649 1343 686 1415 iu
700 1344 797 1416 bono
808 1355 963 1438 patrono
977 1343 1036 1415 vel
1049 1342 1160 1415 advo-

124 1466 220 1542 cato,
230 1479 374 1551 nempe,
388 1467 430 1529 ut
443 1457 563 1553 legum
577 1457 686 1553 periti
697 1457 781 1530 sint.
814 1457 837 1529 J
838 1455 933 1528 udex
944 1456 1053 1545 enim,
1065 1455 1161 1527 sicut

124 1566 170 1640 de
187 1568 287 1641 lacto
305 1569 375 1642 nisi
392 1594 414 1642 a
431 1571 583 1643 testibus
595 1570 686 1642 nihil
697 1570 900 1665 intelligere
914 1570 1033 1659 debet,
1048 1569 1101 1641 ita
1114 1561 1177 1641 de'

120 1682 205 1777 jure
217 1680 311 1754 nihil
328 1683 550 1755 constituere
569 1682 689 1771 debet,
701 1682 771 1754 nisi
782 1681 880 1777 quod
897 1681 996 1777 leges
1011 1682 1160 1777 scriptae

124 1811 163 1866 et
192 1793 352 1866 civitatis
384 1795 665 1868 constitutiones
692 1804 777 1867 ante
811 1794 1040 1867 definierint:
1077 1819 1160 1890 quae

124 1907 224 2003 leges
242 1920 280 1980 et
306 1908 584 1982 constitutiones
610 1909 729 2004 palam
756 1908 960 2002 allegantur
977 1907 1160 2003 explican-

123 2031 259 2116 turque
276 2044 400 2093 coram
417 2022 497 2117 ipso
515 2022 553 2095 in
570 2022 649 2117 ipsa
667 2044 786 2093 causae
803 2020 1035 2115 cognitione:
1063 2020 1161 2093 unde

126 2133 180 2206 ita
204 2133 398 2206 instruitur
419 2135 545 2229 judex,
570 2147 611 2206 ut
629 2157 836 2230 quanquam
854 2133 1021 2229 peritiam
1038 2133 1159 2228 legum

127 2246 235 2320 valde
246 2246 466 2320 mediocrem
479 2249 623 2335 habeat,
637 2247 724 2320 satis
737 2259 858 2319 tamen
871 2247 1070 2319 instructus
1081 2271 1160 2319 esse

127 2361 245 2455 possit
261 2359 309 2432 ad
327 2361 545 2434 sententiam
562 2360 749 2434 ferendam
771 2361 925 2457 justitiae
942 2373 980 2433 et
996 2361 1160 2456 aequitati

130 2485 426 2546 consentaneam.

180 2586 274 2660 Quae
283 2587 423 2659 bonum
439 2587 580 2660 faciunt
593 2588 766 2684 judicem,
784 2589 863 2661 haec
881 2600 976 2661 sunt.
1028 2587 1161 2678 Primo,

128 2710 172 2770 ut
188 2698 307 2795 legem
333 2709 474 2772 naturae
494 2701 727 2796 praecipuam,
745 2724 876 2795 nempe
893 2701 1106 2798 aequitatem
1124 2701 1162 2773 in

128 2812 379 2884 controversis
408 2811 585 2902 omnibns,
612 2813 705 2886 bene
731 2813 934 2909 intelligam
961 2812 999 2884 id
1023 2813 1163 2909 quoda

129 2924 247 2997 multa
261 2924 438 2997 librorum
460 2925 618 2998 lectione
634 2949 709 2998 non
727 2925 920 3022 dependet,
942 2925 1006 2999 sed
1023 2951 1046 2998 a
1058 2926 1163 3000 boni-

130 3048 209 3109 tate
225 3036 409 3110 facultatis
423 3037 622 3126 rationalis,
638 3050 675 3110 et
691 3061 715 3110 a
731 3038 906 3133 cujusque
925 3037 1163 3111 meditatione

129 3150 302 3246 propria;
329 3173 418 3245 quas
436 3150 506 3223 illis
524 3151 648 3224 adesse
665 3151 822 3223 maxime
839 3152 1081 3246 praesumitur,
1100 3151 1164 3247 qui

128 3262 180 3334 ad
204 3262 392 3335 scientiam
419 3263 514 3358 aequi
537 3275 574 3335 et
590 3262 677 3335 boni
695 3262 842 3358 ingenio
860 3286 926 3335 suo
941 3263 1096 3336 maxime
1112 3264 1164 3336 fe-

131 3386 273 3464 runtur,
288 3389 326 3449 et
343 3377 540 3449 maximum
558 3374 760 3449 meditandi
776 3376 936 3448 habuere
947 3375 1074 3448 otium.
1102 3376 1165 3448 Se·

131 3487 264 3577 cundo,
278 3512 324 3561 ne
343 3488 552 3562 divitiarum
569 3489 676 3562 nimis
692 3489 815 3584 cupidi
833 3489 917 3562 sint.
968 3489 1104 3578 Tertio,
1122 3498 1164 3562 ut

132 3600 171 3672 in
182 3601 300 3673 causis
314 3601 577 3696 cognoscendis
591 3601 732 3697 possint
745 3614 895 3690 metum,
910 3603 1012 3691 iram,
1026 3602 1163 3693 odium,

132 3736 306 3804 amorem,
335 3713 621 3787 misericordiam
650 3737 793 3786 exuere.
858 3715 1011 3803 Quarto,
1038 3725 1081 3788 ut
1102 3741 1165 3812 pa·

133 3825 268 3898 tienter
298 3825 425 3898 audire
450 3827 602 3922 possint,
630 3826 824 3922 diligenter
850 3827 1012 3898 animum
1036 3828 1164 3901 adver-

132 3952 223 4029 tere,
241 3964 323 4035 quae
340 3939 498 4013 audierit
515 3941 700 4030 memoria,
718 3940 887 4028 retinere,
906 3939 1108 4035 disponere,
1127 3951 1164 4014 et

132 4053 326 4148 applicare.

184 4164 321 4238 Divisio
335 4165 457 4262 legum
467 4165 567 4237 varia
577 4177 643 4254 est,
656 4175 807 4261 propter
817 4164 934 4237 varias
947 4165 1165 4261 scriptorum

135 4277 336 4350 methodos.
376 4278 418 4350 In
432 4278 629 4352 Justiniani
647 4278 943 4352 Institutionibus
967 4278 1087 4375 legum
1104 4303 1165 4375 ge-

133 4412 223 4464 nera
238 4401 498 4464 enumerantur
518 4400 669 4487 septem.
