2926 4980
520 356 575 407 DE
597 357 778 408 HOMINE.

510 893 673 967 CAPUT
697 893 787 967 Xll.

512 1069 559 1117 Du
579 1069 784 1122 RELIGIONE.

119 1195 215 1268 Cum
233 1218 356 1291 neque
374 1196 521 1292 signum
538 1220 659 1292 neque
675 1196 817 1269 fructus
835 1196 1022 1291 religionis
1039 1194 1110 1266 nisi
1127 1194 1166 1265 in
1199 1247 1276 1297 w·
1289 1249 1354 1297 m

117 1308 198 1381 solo
214 1307 365 1381 homine
382 1309 676 1382 animadversum
693 1310 752 1398 sit,
764 1333 838 1381 non
851 1319 907 1382 est
924 1307 1165 1381 dubitandum
1208 1330 1350 1403 *γᾶ

119 1422 208 1518 quin
222 1421 414 1517 religionis
431 1445 556 1494 semen
573 1423 612 1494 in
627 1423 777 1495 homine
795 1422 874 1496 solo
892 1423 952 1512 sit,
971 1421 1165 1494 consistat-
1191 1392 1345 1450 ⁰⁰¹⁰¹¹⁸¹⁰¹¹⁶'

118 1535 249 1630 quein
266 1533 393 1629 aliqua
415 1535 604 1631 qualitate,
623 1552 688 1607 aut
716 1535 846 1608 saltem
874 1538 912 1608 in
938 1535 1061 1630 aliquo
1087 1537 1165 1631 eJus

119 1646 249 1742 gradu,
267 1647 408 1719 homini
424 1648 585 1743 propria.

180 1759 304 1832 Primo
340 1774 478 1849 autem,
507 1775 650 1834 naturae
681 1762 854 1834 humanae
889 1761 1078 1856 proprium
1109 1774 1167 1834 est

120 1896 250 1946 causas
265 1874 488 1970 investigare
500 1888 698 1948 eventuum
711 1899 802 1970 quos
813 1874 952 1962 vident,
963 1874 1025 1946 alii
1037 1874 1164 1970 magis,

120 1986 183 2059 alii
200 1987 335 2075 minus,
354 1987 420 2059 sed
437 2011 574 2077 omnes
589 2000 770 2084 quatenus
784 1998 949 2084 possunt,
964 2011 1092 2061 causas
1109 1989 1165 2060 in·

121 2101 307 2196 vestigant
322 2101 483 2197 propriae
500 2101 659 2175 fortunae
677 2103 753 2175 sive
770 2102 878 2174 bonae
896 2101 970 2173 sive
987 2102 1104 2174 malae.

171 2213 355 2302 Secundo,
377 2213 545 2287 homines
569 2238 708 2300 omnes,
727 2215 758 2287 si
783 2215 936 2310 alicujus
957 2215 1012 2286 rei
1028 2215 1164 2309 princi-

121 2328 224 2423 pium
240 2327 414 2417 viderint,
430 2328 656 2401 concludunt
673 2329 798 2401 statim
816 2327 970 2400 eandem
988 2352 1066 2400 rem
1080 2351 1166 2400 cau-

121 2465 199 2513 sam
225 2440 406 2529 habuisse,
426 2465 508 2536 quae
530 2441 653 2514 effecit
678 2454 721 2513 ut
742 2441 922 2536 inciperet
939 2464 983 2513 eo
1000 2452 1165 2536 tempore

121 2555 372 2651 potiusquam
391 2554 475 2627 alio.

170 2668 507 2757 Tertio,brutorum
518 2668 761 2741 animantium
772 2668 928 2741 felicitas
939 2668 977 2739 in
988 2666 1165 2740 fruitione

121 2783 289 2855 consistit
313 2782 545 2878 voluptatum
569 2781 804 2871 sensualium,
833 2795 877 2854 ut
905 2805 988 2877 quae
1011 2793 1165 2877 propter

121 2894 334 2968 tarditatem
361 2895 500 2990 ingenii
523 2895 869 2990 consequentiarum
901 2894 1164 2990 dependentia-

120 3031 275 3103 rumque
292 3006 459 3081 ordinem
473 3031 549 3079 nou
560 3009 779 3081 observant:
806 3008 916 3081 homo
930 3019 1054 3081 autem
1080 3032 1163 3104 quae

120 3146 230 3194 cansa
244 3145 352 3217 quem
367 3122 537 3194 effectum
555 3120 728 3217 producit
746 3121 1015 3211 animadvertit,
1031 3135 1069 3195 et
1081 3147 1164 3218 quae

119 3258 177 3307 res
211 3235 422 3324 antecessit,
458 3247 496 3307 et
531 3259 614 3331 quae
650 3248 851 3308 consecuta
884 3247 951 3324 est,
987 3237 1165 3309 memoria

118 3357 243 3430 tenet;
284 3346 396 3420 etiam
426 3347 573 3443 quando
604 3371 797 3420 causarum
828 3372 998 3421 verarum
1028 3350 1163 3422 inscius

118 3472 185 3548 est,
204 3484 336 3533 causas
355 3461 542 3556 supponit,
561 3484 653 3556 quas
671 3461 748 3556 ipse
766 3461 988 3557 imaginatur
1004 3461 1063 3533 vel
1080 3485 1164 3559 sug-

118 3582 252 3669 gerunt
265 3572 340 3660 alii,
354 3596 446 3667 quos
459 3573 578 3668 seipso
591 3573 831 3668 sapientiores
843 3599 920 3648 esse
934 3575 1144 3649 arbitratur.

167 3687 225 3759 Ab
250 3685 310 3758 his
333 3697 476 3759 naturae
501 3687 672 3759 humanae
695 3688 983 3783 proprietatibus
1001 3688 1164 3761 nascitur

118 3800 294 3872 anxietas.
331 3799 468 3871 Rerum
483 3801 580 3872 enirn
595 3801 771 3890 omnium,
787 3826 869 3897 qnae
887 3802 1064 3874 hactenus
1077 3825 1164 3874 eon-

118 3911 284 4007 tigerunt
297 3922 360 3984 aut
373 3924 502 4007 postea
515 3913 744 4008 contingent,
759 3938 886 3987 causas
901 3939 979 3987 esse
997 3914 1163 3988 homines

119 4037 221 4097 certo
257 4025 388 4114 sciunt,
420 4027 711 4123 conantibusque
748 4027 844 4100 mala
878 4053 960 4124 quae
993 4040 1164 4102 metuunt
1271 4026 1272 4030 ’

118 4162 257 4227 arcere,
282 4152 320 4210 et
341 4140 440 4212 bona
463 4164 547 4235 quae
569 4141 723 4236 cupiunt
746 4165 955 4237 procurare,
987 4143 1163 4238 temporis

119 4249 236 4322 futuri
253 4250 537 4351 sollicitudinem
552 4263 767 4348 perpetuam
786 4254 924 4326 evitare
941 4254 1163 4351 impossibile
