2926 4980
154 554 231 609 ΜΡ.
250 554 332 609 ttlt.

172 708 204 753 lle·
215 715 320 765 putu-tulo

168 772 323 821 atowe-uu.

361 332 433 417 aro
599 345 653 398 nn
674 334 869 397 crvrrnrrr
889 332 1158 397 conterinus.

362 518 480 595 lltluru
508 513 763 589 universaliter
788 536 915 586 verum
942 525 1009 602 est,
1033 514 1149 604 illum,
1167 513 1230 610 qui
1248 515 1411 611 probare

360 628 499 729 aliquid
515 625 711 725 promittit,
729 627 958 722 probationis
980 628 1144 725 judicem
1172 627 1279 701 illum
1304 628 1411 717 facit,

360 766 468 843 qtrcru
486 739 700 837 alloquitur.
980 822 985 835 Ι

411 854 469 929 rltl
493 853 770 928 conversionem
797 854 1041 940 ethnicorum,
1060 864 1140 925 tum
1157 853 1309 927 Judaeos
1328 864 1410 928 tum

359 968 497 1067 scripto
514 989 644 1039 eorum
658 965 782 1037 omnia
800 967 1130 1055 contemnentium,
1146 990 1191 1039 ex
1202 966 1410 1064 Scripturis

360 1082 481 1159 Sarnis
517 1079 717 1176 disputare,
750 1078 889 1151 frustra
919 1079 1059 1152 fuisset.
1112 1079 1283 1177 Apostoli
1314 1103 1409 1178 ergo

359 1193 606 1271 idololatriam
624 1216 751 1265 eorum
766 1192 1005 1265 rationibusa
1022 1204 1157 1266 natura
1169 1193 1325 1289 sumptis
1344 1219 1411 1292 ag-

357 1308 471 1407 gressi
484 1305 743 1395 suut;‹leinde,
751 1305 944 1378 confutata
954 1305 1100 1379 illorum
1112 1307 1289 1402 religione
1299 1307 1409 1399 salsa,

357 1422 405 1497 tul
421 1420 532 1495 fidem
552 1419 688 1493 Christi
707 1420 890 1493 adducere
908 1419 989 1492 illos
1007 1422 1130 1494 conati
1148 1432 1235 1493 sunt
1252 1445 1321 1516 per
1331 1433 1409 1497 tes·

357 1534 552 1611 timonium
570 1533 656 1606 vitae
674 1547 712 1606 et
730 1534 1010 1607 resurrectionis
1036 1534 1175 1608 Christi
1192 1535 1408 1630 praebitum.

361 1648 414 1723 llo
429 1646 655 1719 authoritate
673 1669 761 1742 ergo
781 1647 989 1741 Scripturas
1006 1646 1285 1742 interpretandi,
1304 1648 1411 1723 nulla

358 1762 417 1835 hio
441 1760 692 1833 controversia
712 1784 791 1832 esse
815 1761 948 1856 potuit,
972 1773 1172 1857 propterea
1189 1760 1300 1856 quod,
1320 1786 1409 1835 cum

357 1872 525 1948 infideles
543 1885 675 1962 essent,
695 1874 896 1969 Scripturae
913 1873 1047 1946 nullius
1062 1874 1409 1969 interpretationem

358 1987 461 2083 acqui
489 1986 752 2081 obligarentur,
771 1999 908 2083 praeter
927 1987 1049 2083 legum
1076 2011 1225 2059 suarum
1242 1986 1409 2062 civilium

358 2099 710 2195 interpretationem,
725 2099 806 2195 lege
824 2099 984 2172 civitatis
1002 2100 1290 2196 comprobatam.

409 2213 607 2286 Videamus
637 2214 715 2308 jam
743 2214 1020 2286 conversionem
1051 2214 1180 2309 ipsam,
1206 2238 1253 2286 an
1280 2215 1327 2286 ab
1363 2239 1410 2289 ea

359 2326 513 2422 obligari
543 2325 674 2421 aliquis
703 2326 834 2422 potuit.
887 2326 1206 2399 Convertebantur
1233 2327 1333 2399 enim
1359 2329 1409 2403 ad

358 2439 496 2513 nullam
515 2439 623 2512 aliam
641 2463 731 2528 rem,
749 2464 859 2534 qoam
877 2439 925 2511 ad
947 2439 1057 2512 fidem
1084 2439 1292 2513 habendam
1319 2441 1408 2516 doc·

359 2554 466 2626 trinae
495 2578 604 2648 quam
627 2553 783 2648 apostoli
801 2554 1101 2649 praedicaverant.
1154 2555 1319 2649 Apostoli
1339 2580 1407 2629 au·

358 2678 433 2739 tem
472 2667 565 2740 nihil
603 2667 905 2762 praedicaverant,
940 2668 1010 2740 nisi
1048 2668 1148 2763 quod
1181 2668 1288 2740 Jesus
1325 2681 1407 2742 erat

359 2779 539 2868 Christus
559 2779 597 2851 id
620 2792 686 2867 est,
706 2804 770 2852 rex
791 2804 813 2852 a
838 2804 911 2876 quo
936 2780 1100 2852 salvandi
1127 2791 1262 2868 essent,
1281 2794 1320 2852 et
1341 2781 1406 2876 qui

359 2917 467 2988 super
485 2917 546 2966 eos
564 2894 602 2966 in
620 2894 756 2966 mundo
775 2894 900 2967 futuro
919 2904 1136 2989 regnatums
1150 2904 1263 2977 esset3
1283 2906 1321 2966 et
1337 2919 1407 2990 per

358 3030 597 3101 consequens,
613 3007 710 3102 quod
725 3031 798 3079 non
817 3021 984 3079 mortuus
1002 3020 1109 3092 esset,
1128 3008 1192 3080 sed
1210 3009 1407 3082 amortuis

357 3119 605 3208 resuscitatus
625 3120 794 3216 quodque
819 3119 1005 3192 rediturus
1031 3133 1127 3192 esset
1153 3120 1202 3193 ad
1225 3120 1406 3195 mundum

353 3232 607 3328 judicandum,
627 3244 664 3306 et
688 3234 819 3329 cuique
843 3234 1043 3306 secundum
1063 3259 1174 3330 opera
1191 3237 1269 3330 ejus
1287 3235 1405 3307 tribu-

358 3358 474 3418 turus.
526 3348 646 3419 Nemo
665 3371 791 3418 eorum
807 3347 1008 3442 Scripturae
1023 3348 1146 3421 Sacrae
1163 3348 1405 3442 interpretem

358 3483 396 3531 se
420 3471 486 3532 aut
512 3461 623 3533 alium
645 3460 852 3555 apostolum
875 3461 985 3533 talem
1010 3485 1089 3534 esse
1115 3461 1342 3557 praedicavit,
1361 3473 1405 3535 ut

357 3574 577 3669 omnesqui
598 3575 796 3647 Christiani
821 3599 899 3646 esse
919 3575 1079 3663 voluere,
1108 3575 1404 3670 interpretationi

357 3689 434 3782 ejus
460 3688 712 3783 obligarentur
737 3687 982 3783 acquiescere.
1036 3690 1132 3761 Nam
1162 3689 1264 3784 leges
1290 3689 1403 3763 inter·

355 3802 494 3897 pretari
521 3801 669 3873 illorum
704 3813 772 3885 est,
801 3801 863 3896 qui
899 3814 985 3873 actu
1020 3813 1199 3898 regnant;
1226 3801 1266 3873 id
1300 3803 1400 3898 quod

356 3915 513 4011 apostoli
540 3939 614 3986 non
642 3914 818 3986 fecerunt.
872 3914 1136 3987 Precobontur
1159 3928 1249 3988 tunc
1277 3915 1342 4003 illi,
1362 3929 1401 3990 et

356 4030 402 4102 ab
428 4029 499 4101 illis
525 4042 691 4125 pastores
723 4052 862 4116 omncS,
881 4029 1059 4101 orloear'ot
1086 4052 1244 4126 regrum
1272 4038 1373 4100 tuum
1387 4058 1400 4112 ‚-

354 4144 594 4239 ethnicosque
619 4167 641 4214 a
665 4166 704 4215 se
728 4166 923 4215 conversos
940 4141 1167 4238 principibus
1185 4141 1259 4214 suis
1277 4141 1402 4215 horta-

352 4256 489 4329 bantur
520 4255 681 4329 obedire.
738 4256 1018 4330 Testamentum
1054 4255 1201 4329 Novum
1235 4254 1402 4328 nondum
