2926 4980
400 286 473 354 416
640 302 907 363 nuorvrrarn
927 303 1194 358 cunrsrmnn.

199 496 277 559 cnr.
289 497 373 549 xnn.
399 469 506 566 pibus
520 471 655 544 uostris
666 495 756 562 esse,
777 471 842 545 sed
854 471 966 545 etiam
983 471 1103 568 Papae,
1115 473 1178 569 qui
1196 481 1253 547 est
1268 472 1459 572 princeps

215 580 363 695 Dm
400 596 586 675 externus,
603 586 836 683 imposuisset
854 586 959 660 nobis
977 609 1069 659 onus
1086 610 1161 659 nou
1178 586 1301 659 solum
1319 602 1456 684 grave,

213 664 366 759 ‘affin-tie*-
401 696 466 771 sed
483 697 594 772 etiam
611 699 711 793 quod
730 698 897 772 Christus
924 698 1002 794 ipse
1031 699 1181 790 (Matth.
1198 699 1246 772 vi.
1265 701 1338 793 24)
1360 723 1455 796 pro-

401 810 584 884 nuntiavit
601 834 680 885 esse
698 811 934 908 impossibile,
960 834 1092 906 nempe
1118 810 1258 884 dnobus
1277 811 1453 887 dominia

401 922 675 996 simulacroirc.
694 925 916 1020 Quanquam
927 934 1051 997 autem
1063 924 1219 997 Sanetus
1230 924 1372 998 Paulus
1381 926 1452 1001 uli-

401 1036 486 1108 cubi
500 1036 538 1128 (2
551 1037 634 1110 Cor.
647 1037 723 1110 xiii.
743 1038 802 1130 10)
819 1037 939 1110 dicat:
958 1036 1121 1109 “Scriho
1135 1036 1214 1109 haec
1231 1036 1388 1129 aboena,
1403 1064 1452 1113 aa

395 1172 567 1247 pratens
580 1160 707 1223 uterer
724 1150 942 1239 acrimonia,
950 1151 1068 1245 jacta
1079 1160 1313 1249 potestatem
1331 1176 1452 1250 quast

402 1261 493 1334 milti
505 1261 678 1335 Christus
693 1263 798 1337 dedit
810 1264 846 1347 ;”
866 1287 939 1337 non
951 1272 1073 1336 tamen
1087 1262 1266 1336 intellexit
1281 1263 1451 1339 Sanctus

403 1376 535 1449 Paulus
551 1388 772 1471 potestatem
789 1376 857 1450 sibi
884 1376 1006 1449 datam
1021 1399 1099 1448 esse
1117 1374 1309 1449 occidendi
1325 1401 1450 1472 queu-

402 1513 523 1585 quam,
537 1503 602 1563 aut
615 1490 877 1578 incarcerandi,
891 1501 955 1563 aut
966 1489 1137 1563 mittendi
1151 1490 1189 1561 iu
1205 1487 1451 1578 exilium‚aut

401 1602 621 1697 flagellandi,
639 1615 703 1677 aut
719 1604 876 1699 pecunie
893 1603 1093 1677 mulctandi
1108 1635 1117 1686 ;
1136 1602 1201 1676 sed
1215 1614 1366 1676 tantum
1381 1628 1449 1678 ex-

402 1715 708 1805 communicandi,
727 1716 765 1791 id
792 1727 859 1803 est,
879 1716 957 1789 siue
973 1727 1157 1813 potestate
1175 1715 1272 1789 civili
1289 1740 1448 1791 excom,

402 1828 627 1903 manicatum
645 1829 809 1926 fugiendi
828 1862 838 1914 ς
857 1829 895 1902 id
912 1828 1012 1925 quod
1028 1852 1277 1925 saepenumero
1291 1852 1449 1905 excom-

402 1942 602 2016 municanti
619 1967 727 2039 quam
745 1945 1059 2017 excommunicato
1073 1942 1219 2039 gravius
1236 1954 1303 2014 est.

453 2055 636 2151 Septimus
663 2056 765 2130 locus
800 2066 813 2129 l
847 2055 931 2130 Cor.
960 2055 1006 2128 iv.
1026 2064 1095 2129 21:
1151 2054 1254 2140 Quia
1281 2054 1445 2131 nattis?

405 2167 495 2241 Cum
512 2169 625 2267 uirga
650 2170 793 2243 neniam
818 2169 874 2244 ad
893 2193 969 2256 ooa,
996 2194 1045 2241 an
1072 2192 1152 2240 cain
1179 2167 1372 2240 charitate
1402 2179 1444 2244 et

401 2281 540 2380 spirita
569 2282 764 2356 lenitatis?
834 2282 906 2355 Hic
937 2304 1061 2354 rursus
1089 2278 1252 2376 loquitur
1280 2281 1445 2357 Sanctus

402 2395 534 2468 Paulus
551 2418 625 2467 nou
644 2395 689 2467 de
706 2395 909 2490 punitione,
925 2394 990 2466 sed
1007 2393 1052 2466 de
1078 2415 1232 2465 censura
1249 2391 1446 2469 ecelesias·

400 2507 485 2595 tica,
514 2531 596 2603 quae
620 2532 686 2580 sua
713 2519 847 2580 natura
871 2531 981 2602 poena
1000 2519 1161 2593 nonest,
1180 2505 1245 2578 sed
1262 2529 1383 2602 poeuae
1401 2509 1444 2583 in

401 2619 523 2692 seculo
541 2632 697 2692 venturo
715 2619 956 2692 denuntiatio.
1009 2619 1184 2691 Nondum
1202 2643 1290 2715 ergo
1316 2631 1444 2715 potes-

401 2744 515 2807 tatem
533 2733 693 2830 episcopi
711 2733 867 2806 Romani
885 2733 1055 2829 probavit
1073 2756 1150 2804 esse
1168 2732 1421 2827 legislativam.

452 2849 570 2922 Locus
600 2860 750 2920 octavus
779 2857 865 2920 estl
888 2848 980 2919 Tim.
1000 2847 1050 2919 iii.
1070 2857 1091 2919 2
1113 2874 1120 2916 :
1148 2853 1297 2943 aportat
1314 2855 1441 2918 antem

402 2961 614 3059 episcopum
640 2961 744 3032 nnius
770 2960 899 3032 naaria
927 2960 1044 3032 airam
1072 2981 1180 3029 assa:
1207 2981 1317 3052 quam
1348 2956 1440 3032 dicit

400 3099 481 3147 esse
505 3075 636 3170 legem.
688 3072 924 3145 Credideram
949 3070 1108 3166 quidem,
1134 3070 1374 3165 legislativum
1399 3070 1438 3142 in

402 3188 556 3260 ecclesia
572 3197 791 3282 potestatem
808 3185 875 3259 soli
893 3184 1056 3258 ecclesiae
1066 3184 1286 3271 monarchae,
1302 3183 1438 3257 Sancto

402 3302 523 3390 Petro,
535 3324 747 3374 concessam
758 3323 846 3372 esse.
899 3296 1134 3371 Contrarium
1145 3309 1267 3369 autem
1285 3308 1437 3391 apparet

401 3439 447 3487 ex
464 3415 534 3487 hoc
552 3426 668 3500 textu,
685 3437 770 3485 cum
782 3412 915 3485 Paulus
929 3411 1040 3484 etiam
1050 3421 1270 3506 potestatem
1282 3409 1437 3483 eandem

400 3528 581 3601 habuerit.
633 3527 767 3599 Dicent
784 3525 891 3614 forte,
907 3523 1019 3597 Paulo
1037 3549 1060 3596 a
1077 3524 1184 3596 Petro
1210 3535 1436 3619 praeceptum

400 3642 470 3714 hoc
488 3642 614 3714 datum
632 3664 720 3712 esse.
773 3638 903 3734 Neque
930 3650 1053 3710 tamen
1079 3637 1131 3709 sic
1156 3637 1214 3709 lex
1233 3638 1325 3720 erit;
1352 3661 1435 3710 cum

398 3755 611 3829 Timotheus
625 3777 744 3849 neque
762 3753 860 3825 Petri
878 3776 996 3847 neque
1014 3750 1115 3823 Pauli
1133 3749 1301 3823 subditus
1327 3762 1434 3837 esset,

399 3868 464 3941 sed
482 3867 692 3964 discipulus.

447 3982 585 4054 Textus
599 4004 718 4053 nonus
736 3994 792 4052 est
814 3979 971 4051 lTim.v.
984 3987 1049 4051 19:
1068 3976 1261 4049 Aduersus
1273 3974 1434 4074 presby-

397 4105 517 4167 teram
543 4094 816 4167 accusationem
842 4117 887 4164 ne
912 4091 1085 4189 recipito,
1104 4089 1177 4162 nisi
1201 4088 1268 4161 aab
1296 4087 1437 4161 daubus

397 4217 464 4280 crat
494 4207 614 4280 tribas
645 4207 813 4280 testibus.
878 4203 1108 4300 Responde0,
1140 4215 1181 4276 ut
1209 4225 1306 4297 saepe
1336 4209 1435 4289 ante,
