2926 4980
373 400 427 451 nu
448 401 589 454 suono
608 402 912 456 runusnanun.
1086 390 1159 455 459

120 579 178 642 est
195 571 276 664 ejus
294 569 428 642 animo.
481 571 601 642 Etiam
618 569 827 642 immundus
851 570 1052 642 habebatur
1077 570 1158 666 lege
1173 605 1250 655 eff,
1264 603 1359 652 mv,

121 683 296 770 Mosaica,
321 684 384 778 qui
411 684 585 780 tetigerat
615 682 774 755 animum
804 692 996 772 mortuom,
1022 682 1062 754 id
1090 696 1157 771 est,
1186 683 1345 786 ὦ

121 796 278 869 cadaver
296 808 494 870 mortuum.
546 796 649 870 Nihil
669 796 741 880 bic,
760 819 878 891 neque
902 797 940 869 in
964 796 1043 869 aliis
1069 796 1158 869 locis
1185 807 1355 916 Qud&

121 909 406 1006 Scripturarum‚
421 909 521 982 aliud
538 910 721 1006 significat
737 908 871 999 anima,
888 921 1023 1005 praeter
1040 909 1159 1007 ipsum
1185 879 1368 1014 enimin„

121 1021 273 1110 animal,
300 1036 366 1095 aut
391 1023 505 1095 citam
535 1024 624 1119 ejus,
676 1022 811 1096 Anima
834 1023 1050 1096 immortalis
1073 1047 1159 1096 nus·
1186 1001 1357 1061 mpm'

122 1158 232 1230 quam
257 1135 402 1232 legitur,
428 1160 547 1231 neque
570 1136 775 1209 substantia
800 1136 1016 1231 incorporeo
1040 1159 1160 1208 ocor-

121 1271 211 1343 pore
246 1260 424 1343 separata.
477 1247 645 1346 Spiritus
674 1261 810 1337 autem,
836 1259 875 1320 et
900 1247 979 1320 vito
1006 1256 1161 1337 aeterna,

121 1359 257 1455 passim
283 1361 465 1456 leguntur.
519 1361 629 1435 Quod
655 1362 787 1435 animae
810 1361 985 1450 fidelium,
1003 1385 1077 1434 non
1095 1384 1162 1435 suo

123 1486 256 1546 natura
273 1474 338 1547 sed
354 1475 473 1571 gratia
489 1474 558 1547 Dei
576 1474 737 1571 speciali,
754 1498 932 1548 unacum
949 1474 1162 1571 corporibus

124 1609 146 1658 a
179 1587 447 1659 resurrectione
484 1611 666 1661 mansurae
700 1598 787 1660 suut
818 1587 858 1660 in
892 1599 1083 1677 aeternum,
1118 1612 1163 1661 ex

125 1698 323 1794 Scripturis
342 1699 462 1772 Sacris
486 1710 673 1773 ostensum
700 1712 766 1788 est,
785 1723 896 1795 supra
912 1701 1031 1796 capite
1050 1703 1162 1799 trige-

124 1813 214 1884 simo
242 1823 384 1885 octavo
448 1812 521 1885 Ubi
549 1824 672 1886 autem
699 1812 834 1908 legitur
863 1813 900 1885 iu
927 1815 1163 1889 Testamento

123 1924 242 2015 Novo,
269 1949 348 1998 esse
374 1925 437 2020 qui
464 1926 715 2022 conjicientur,
740 1950 873 2022 corpus
900 1940 939 2000 et
964 1929 1097 2018 anima,
1125 1929 1164 2002 in

123 2039 335 2112 Gehennam
353 2039 460 2135 ignis,
477 2064 614 2137 corpses
640 2048 678 2112 et
704 2040 839 2128 animo,
858 2040 956 2113 idem
981 2042 1164 2139 significat

123 2152 223 2248 quod
241 2176 377 2250 corpus
394 2152 606 2225 animatum.
739 2244 745 2256 .

174 2267 242 2337 Per
258 2265 353 2337 banc
369 2264 568 2338 fenestram
585 2276 652 2355 est,
671 2265 770 2362 quod
787 2266 953 2340 doctrina
975 2267 1039 2340 illa
1062 2280 1164 2342 tene-

124 2379 233 2451 brosa
258 2378 410 2451 intravit
426 2377 471 2450 de
488 2378 719 2452 eruciatibus
736 2379 898 2465 aeternis,
916 2391 954 2453 et
971 2380 1017 2453 de
1039 2380 1165 2479 poenis

118 2491 356 2589 purgatorii,
375 2501 413 2562 et
430 2503 694 2588 consequenter
720 2490 767 2564 de
795 2502 1019 2567 mortuorum
1048 2495 1165 2592 spiri-

125 2603 225 2676 tibus
255 2603 293 2674 in
322 2603 413 2676 locis
439 2603 676 2693 consecratis,
694 2604 876 2694 solitariis,
900 2616 939 2677 et
963 2607 1165 2682 tenebrosis

125 2715 417 2799 ambulantibus;
443 2728 483 2788 et
508 2716 662 2812 proinde
690 2718 802 2790 etiam
828 2717 873 2791 de
898 2719 1104 2793 exorcismo
1127 2734 1166 2795 et

125 2827 386 2924 conjuratione
406 2829 723 2924 phantasmatum
751 2831 853 2919 item,
872 2831 917 2905 de
936 2831 1165 2907 inuocatione

125 2952 376 3025 mortuorum
402 2953 440 3015 et
457 2942 502 3015 de
528 2942 787 3042 indulgentiis,
808 2944 847 3018 id
864 2957 930 3034 est,
949 2944 996 3017 de
1017 2970 1164 3044 exemp

125 3057 226 3128 tione
244 3079 290 3127 ex
306 3054 392 3151 igne
403 3056 621 3152 purgatorii,
634 3056 698 3129 ubi
711 3057 925 3131 substantiae
938 3058 1164 3155 incorporeae

125 3168 197 3241 illae
220 3167 371 3264 purgari
396 3177 434 3240 et
456 3169 549 3241 coelo
574 3169 773 3265 praeparari
791 3170 876 3266 igne
893 3184 1161 3267 supponuntur.

127 3281 224 3353 Nam
252 3292 339 3353 ante
369 3293 524 3377 tempus,
546 3280 585 3353 in
615 3305 686 3376 quo
713 3295 880 3356 versatus
910 3296 966 3357 est
992 3285 1031 3357 in
1055 3286 1163 3360 terris

127 3395 299 3467 Servatur
324 3404 462 3481 noster,
486 3393 644 3467 maxima
668 3419 752 3490 pars
780 3394 982 3485 hominum,
1000 3397 1047 3470 ad
1072 3422 1163 3493 quos

126 3521 343 3602 pervenerat
368 3506 537 3580 doctrina
569 3507 834 3582 daemoniorum
860 3511 937 3584 sive
976 3511 1163 3587 daemono-

126 3618 225 3714 logia
241 3619 380 3708 Graeca,
398 3619 436 3692 in
454 3643 499 3693 ea
516 3621 687 3716 opinione
712 3635 803 3713 erat,
821 3624 961 3698 animas
983 3625 1164 3702 humanas

126 3732 387 3805 snbstantiasa
411 3735 625 3830 corporibus
652 3735 840 3810 distinctas
858 3761 935 3811 esse
954 3751 992 3812 et
1017 3763 1162 3835 separa-

126 3845 240 3929 biles;
276 3858 313 3919 et
342 3869 408 3942 per
434 3870 672 3943 consequens,
711 3862 857 3924 mortuo
892 3853 1053 3942 homine,
1087 3853 1163 3927 sive

126 3960 223 4032 bono
240 3960 314 4032 sive
331 3958 439 4048 malo,
466 3960 624 4033 animam
641 3963 720 4058 ejus
742 3988 808 4059 per
823 3964 996 4037 virtutem
1020 3980 1163 4040 naturae

126 4073 296 4169 propriae,
315 4072 392 4144 sine
419 4072 671 4168 recognitione
693 4075 767 4148 ulla
790 4075 923 4149 divinae
939 4079 1080 4174 gratiae,
1099 4078 1161 4152 de-

125 4187 213 4258 bere
242 4185 437 4258 subsistere
460 4184 603 4259 alicubi.
658 4189 787 4283 Itaque
808 4189 976 4263 doctores
1000 4193 1162 4268 eeclesiae

126 4299 322 4397 primitivae
349 4299 571 4395 aliquamdiu
598 4300 822 4393 dubitarunt,
845 4328 917 4399 quo
947 4306 1040 4395 loco,
1059 4320 1163 4381 ante·
