2926 4980
264 312 337 378 508
513 325 567 378 DE
587 324 729 378 REGNO
746 324 1059 377 consummo.

52 524 128 573 cna
141 525 251 576 xnvn.
263 492 407 565 asticos.
459 490 555 565 Nam
573 492 635 588 qui
652 492 769 589 potui,
787 515 872 565 cum
887 491 1004 565 totius
1022 492 1161 590 operis
1192 514 1331 589 scopus

79 608 221 713 ffi
263 616 359 677 esset
375 604 505 677 unicus
528 616 571 678 ut
598 606 886 679 demonstrarem
913 616 1150 702 praetextum
1179 606 1329 679 nullum

263 741 342 791 esse
358 742 476 814 posse,
494 742 567 815 quo
583 718 705 815 legum
722 717 872 792 violatio
890 718 1062 792 excusari
1079 718 1240 815 possit?
1292 720 1327 793 A

263 832 455 905 sententiis
484 844 607 906 autem
637 832 892 928 theologorum
916 830 1172 928 singularium
1194 832 1325 906 multis

263 945 302 1017 in
318 944 408 1018 locis
426 944 556 1018 abiisse
571 968 629 1019 me
647 945 837 1017 confiteor.

316 1057 355 1130 Si
375 1058 547 1131 cordibus
570 1056 795 1153 scripsissem
820 1056 937 1131 instar
967 1059 1189 1133 tabularum
1216 1084 1319 1135 rosa-

264 1194 345 1243 rum
379 1172 493 1267 puris,
526 1170 674 1244 brevior
699 1192 777 1243 esse
802 1170 1014 1265 potuissem.
1066 1172 1318 1248 Suffecissent

265 1284 363 1356 enim
382 1306 425 1355 ea
440 1306 569 1377 pauca,
584 1305 666 1377 quae
683 1294 908 1378 sequuntur:
927 1284 1096 1359 homines
1114 1286 1200 1359 sine
1218 1288 1313 1384 lege,

264 1406 415 1492 propter
440 1396 501 1490 jus
524 1394 687 1468 omnium
713 1394 751 1466 in
777 1395 911 1485 omnia,
929 1396 1066 1471 mutuis
1084 1398 1257 1473 caedibus
1273 1424 1313 1473 se

264 1508 362 1603 ipsos
389 1507 623 1590 interimere;
650 1505 749 1602 leges
774 1507 852 1581 sinc
874 1508 1005 1605 poenis,
1024 1520 1062 1583 et
1076 1534 1214 1605 poenas
1232 1512 1311 1585 sine

263 1632 446 1717 potestate
463 1644 615 1711 summa,
630 1620 777 1694 inutiles
794 1644 893 1707 esse;
911 1631 1136 1719 potestatem
1152 1623 1236 1698 sine
1250 1648 1309 1699 ar·

264 1735 332 1807 mis
359 1747 397 1808 et
426 1736 555 1833 opibus
582 1735 620 1807 in
646 1734 754 1808 unius
778 1758 946 1831 personae
969 1759 1121 1808 manum
1147 1737 1307 1826 collatis,

262 1872 389 1919 vocem
415 1872 565 1937 meram,
588 1870 707 1942 neque
732 1846 781 1919 ad
804 1870 933 1944 pacem
957 1870 1077 1944 neque
1102 1848 1154 1921 ad
1177 1849 1307 1924 defen-

262 1961 401 2034 sionem
436 1963 569 2035 civium
601 1960 777 2034 momenti
809 1960 917 2034 ullius
949 1984 1051 2046 esse;
1078 1971 1117 2035 et
1146 1962 1307 2057 proinde

263 2074 360 2147 cives
378 2099 516 2163 omnes,
534 2075 601 2163 sui,
619 2099 693 2147 non
720 2074 990 2171 imperantium,
1006 2075 1096 2148 boni
1119 2098 1236 2148 causa
1258 2075 1307 2149 ad

262 2189 523 2284 rempublicam
553 2188 681 2284 opibus
708 2187 782 2261 suis
812 2188 986 2262 tuendam
1012 2198 1051 2261 et
1079 2189 1302 2261 confirman-

264 2300 361 2391 dam,
390 2314 565 2398 quantum
598 2313 763 2399 possunt,
791 2301 968 2398 obligari;
1004 2300 1115 2397 idque
1148 2300 1306 2374 arbitrio

263 2414 371 2505 illius,
401 2417 461 2488 cui
495 2441 673 2489 summurn
707 2415 876 2488 dederint
908 2426 1140 2511 potestatem.
1209 2414 1307 2488 Quae

263 2552 405 2600 summa
422 2540 476 2601 est
492 2529 606 2624 partis
622 2529 750 2624 primae
767 2540 805 2599 et
822 2528 1003 2601 secundae.
1043 2525 1199 2615 Deinde,
1214 2550 1306 2622 quo·

262 2642 362 2713 niam
380 2643 415 2713 in
436 2642 633 2738 Scripturis
645 2642 777 2731 Sacris
795 2666 951 2738 quarum
967 2639 1163 2714 lectionem
1181 2641 1305 2715 eccle-

263 2756 317 2825 sia
346 2768 472 2827 nostra
499 2754 665 2827 omnibus
696 2766 734 2827 et
759 2756 924 2850 permisit
953 2766 990 2827 et
1016 2753 1304 2843 commendavit,

262 2867 338 2939 vita
372 2881 511 2941 aeterna
544 2880 581 2940 et
609 2869 705 2940 solus
739 2869 965 2965 singulorum
994 2867 1229 2952 continetur;
1264 2880 1305 2941 et

262 2983 509 3077 unusquisque
526 2983 688 3078 periculo
706 2984 837 3056 animae
866 2983 1024 3080 propriae
1048 2983 1129 3055 illas
1152 2983 1247 3078 legit
1264 2994 1304 3056 et

262 3095 408 3169 sibimet
425 3096 494 3192 ipsi
511 3096 784 3191 interpretatur,
804 3109 841 3168 et
855 3107 1051 3192 propterea
1068 3118 1214 3190 aequum
1234 3106 1303 3187 est,

261 3218 303 3281 ut
329 3208 562 3281 conscientiae
590 3232 716 3282 eorum
746 3233 820 3281 non
846 3209 1010 3304 pluribus
1028 3208 1115 3281 fidei
1132 3208 1302 3283 articulis

261 3335 472 3410 onerentur,
491 3347 600 3418 quam
630 3322 693 3417 qui
720 3332 805 3394 sunt
830 3320 1054 3393 adsalutem
1080 3321 1301 3407 necessarii;

260 3434 432 3508 articulos
458 3435 550 3523 illos,
573 3435 722 3529 quinam
748 3435 832 3522 sint,
851 3434 888 3505 in
916 3445 1021 3529 parte
1049 3432 1159 3505 tertia
1183 3434 1303 3528 expli-

261 3548 351 3620 cavi.
391 3549 578 3621 Postremo
596 3549 633 3620 in
652 3560 781 3643 quarta
796 3560 913 3642 parte,
925 3571 971 3619 ne
987 3546 1143 3643 populus
1159 3570 1181 3619 a
1198 3546 1302 3622 falsis

260 3661 471 3733 doctoribus
489 3660 760 3749 seducerentur,
778 3659 929 3732 consilia
955 3659 1149 3733 ambitiosa
1174 3671 1214 3733 et
1241 3684 1303 3734 as-

260 3787 342 3847 tuta
370 3774 661 3847 adversariorum
692 3772 854 3846 ecclcsiae
883 3772 1098 3868 Anglicanae
1128 3773 1301 3869 patefeci.

260 3889 365 3977 Haec,
383 3887 545 3982 inquam,
563 3886 717 3983 ingeniis
743 3884 907 3958 candidis
934 3886 1172 3958 suffecissent.
1226 3888 1303 3962 Sed

258 4026 343 4075 cum
367 4000 543 4073 doctrinis
567 3999 757 4071 contrariis
783 3998 971 4071 hominum
989 3999 1130 4071 animos
1152 3999 1302 4093 jamdu-

259 4117 346 4188 dum
371 4113 589 4187 scribillatos
618 4137 697 4185 esse
724 4112 867 4200 scirem,
893 4112 1017 4184 omnio
1038 4112 1153 4184 fusius
1181 4113 1300 4209 expli-

258 4229 375 4301 canda
400 4250 478 4299 esse
513 4226 728 4317 existimavi,
761 4237 799 4299 et
832 4225 1002 4323 explicui,
1029 4225 1092 4299 sed
1127 4249 1297 4299 sermone
