2926 4980
369 331 416 395 42
759 342 814 394 DE
834 341 1013 394 HOMINE.

192 546 330 596 clm,
419 512 468 584 Et
502 510 674 608 quoniam
708 510 746 582 in
786 524 966 607 perpetua
999 511 1205 585 mutatione
1239 521 1408 584 versatur

180 628 335 746 „ffb
369 626 521 698 humani
546 624 709 720 corporis
740 625 987 715 consistentia,
1016 624 1239 722 impossibile
1275 636 1332 697 est
1364 632 1408 695 ut

178 755 270 798 numa
278 758 351 829 potu*
371 739 510 813 eaedem
522 761 581 810 res
592 737 838 831 producerent
852 738 999 811 eosdem
1012 761 1155 834 semper
1172 737 1358 834 appetitus
1370 745 1409 808 et

179 819 354 870 'dmm'
371 851 577 925 aversiones
591 882 601 935 3
629 852 745 925 multo
762 851 882 924 minus
899 862 1073 948 poterunt
1094 875 1221 924 omnes
1238 850 1408 924 homines

372 965 578 1038 consentire
595 964 634 1037 in
651 965 816 1062 appetitu
832 965 941 1039 unius
958 976 995 1038 et
1011 966 1176 1062 ejusdem
1194 965 1343 1061 objecti.

210 1084 306 1127 Bw·
424 1077 610 1174 Quicquid
625 1088 749 1151 autem
766 1078 950 1175 appetitus
966 1079 1006 1152 in
1021 1079 1170 1152 homine
1188 1100 1409 1174 quocunque

210 1164 302 1209 Md'm'
373 1192 558 1286 objectum
576 1202 642 1281 est,
661 1192 780 1265 eidem
802 1192 893 1266 illud
915 1205 972 1265 est
996 1192 1096 1289 quod
1111 1192 1158 1265 ab
1176 1192 1255 1288 ipso
1282 1189 1409 1287 appel-

368 1304 466 1377 latur
483 1304 622 1377 bonum.
675 1305 851 1378 Similiter
868 1305 917 1394 id,
937 1305 1037 1401 quod
1050 1305 1250 1379 aversionis
1268 1305 1308 1377 in
1326 1304 1408 1400 ipso

370 1427 408 1490 et
426 1416 501 1490 odii
518 1440 628 1490 eausa
644 1429 711 1506 est,
728 1418 775 1491 ab
793 1417 871 1515 ipso
889 1419 1100 1492 nominatur
1112 1417 1246 1491 malam
1256 1445 1271 1500 ;
1297 1428 1409 1512 atque

371 1530 410 1604 id
427 1530 500 1603 vile
517 1530 687 1628 appellat,
702 1532 802 1627 quod
818 1531 895 1627 ipse
909 1531 1125 1605 contemnit.
1176 1531 1296 1602 Voces
1310 1530 1410 1602 enim

372 1645 512 1733 bonam,
529 1644 675 1735 molum,
693 1645 776 1735 oile,
800 1646 1056 1742 intelliguntur
1078 1668 1222 1740 semper
1245 1667 1330 1716 oum
1350 1666 1409 1715 re-

371 1757 508 1831 latione
535 1756 583 1830 ad
611 1781 805 1853 personam
835 1783 917 1855 quae
944 1758 1015 1830 illis
1041 1758 1179 1841 utitur3
1207 1782 1291 1830 oum
1317 1757 1410 1829 nihil

371 1870 420 1942 sit
436 1869 650 1966 simpliciter
667 1869 744 1955 ita3
771 1894 890 1965 neque
908 1870 983 1942 ulla
1006 1869 1102 1959 boni,
1126 1868 1228 1958 muli,
1250 1879 1288 1941 et
1310 1868 1409 1958 oilie,

371 1982 575 2054 eommunis
602 1982 729 2077 regula
755 1983 801 2054 ab
827 1983 990 2077 ipsorum
1016 1983 1245 2077 objectorum
1267 1981 1410 2053 naturis

372 2093 548 2182 derivata,
566 2093 631 2165 sed
641 2117 665 2165 a
677 2104 809 2166 natura
827 2094 906 2185 (ubi
922 2093 1051 2166 civitas
1064 2118 1138 2166 non
1154 2094 1226 2186 est)
1241 2116 1410 2189 personae

371 2206 566 2303 loquentis,
583 2205 641 2279 vel
661 2206 707 2296 (si
724 2209 794 2299 est)
814 2229 982 2302 personae
1006 2206 1190 2280 civitatem
1208 2230 1409 2303 repraesen-

371 2320 495 2409 tantis,
513 2319 572 2392 vel
589 2321 636 2393 ab
654 2320 791 2393 arbitro
809 2320 867 2393 vel
880 2319 1005 2415 judice
1022 2320 1237 2393 constituto.

321 2492 326 2502 .
420 2433 622 2506 Pulchrum
639 2444 677 2505 et
700 2443 811 2531 turpe
833 2456 947 2529 prope
972 2431 1119 2527 quidem
1145 2433 1239 2505 idem
1269 2433 1408 2529 signifi-

273 2557 279 2568 '
372 2560 470 2636 eant,
497 2548 595 2644 quod
623 2546 751 2620 bonum
774 2560 813 2620 et
838 2546 984 2636 molum,
1011 2547 1075 2619 sed
1102 2571 1177 2619 non
1202 2547 1408 2643 adaequate.

372 2661 576 2734 Pulchrum
593 2662 691 2734 enim
707 2662 746 2734 id
763 2662 948 2758 signifieat
972 2660 1071 2755 quod
1091 2660 1205 2756 signis
1232 2683 1411 2756 apparen-

370 2775 469 2847 tibus
502 2774 629 2848 bonum
657 2775 863 2872 promittit,
891 2775 987 2846 siout
1022 2785 1060 2845 et
1091 2782 1203 2870 turpe
1236 2772 1276 2844 id
1311 2772 1412 2869 quod

373 2886 508 2960 malum
528 2888 733 2985 promittit.
787 2889 988 2982 Utriusque
1007 2899 1131 2958 autem
1153 2899 1238 2958 sunt
1257 2885 1411 2959 diversae

373 3000 524 3097 species
551 3012 593 3072 ut
604 3001 829 3096 formosum,
856 3001 1056 3088 honestam,
1082 2999 1265 3085 decoram,
1273 3000 1410 3093 jaccan-

373 3116 470 3203 dum,
494 3126 581 3187 sunt
601 3114 739 3209 speeies
758 3112 914 3211 pulchri
925 3140 939 3195 ,·
966 3112 1144 3209 deforme,
1169 3111 1408 3198 inhonestum,

371 3227 571 3317 molestum,
599 3226 737 3322 speeies
766 3227 902 3325 turpio.
955 3226 1048 3300 Quae
1079 3226 1203 3298 omnia
1229 3224 1407 3298 vocabula

372 3341 464 3416 nihil
487 3340 588 3413 aliud
605 3340 814 3436 significant
835 3350 969 3434 praeter
992 3338 1270 3434 promissionem
1293 3361 1409 3433 quan-

373 3456 456 3529 dam
488 3455 546 3528 vel
574 3455 661 3528 boni
692 3454 750 3527 vel
781 3453 877 3526 mali.
931 3453 1058 3547 ltaque
1093 3452 1180 3523 boni
1212 3463 1288 3524 tres
1323 3461 1411 3524 sunt

373 3570 536 3668 speeies;
563 3568 679 3641 altera
704 3569 742 3640 in
773 3566 1013 3664 promissione
1040 3589 1121 3660 quae
1147 3564 1409 3661 pulchritud03

373 3685 490 3757 altera
507 3684 545 3755 in
562 3706 615 3772 re,
634 3693 671 3755 et
688 3681 823 3754 dicitur
844 3680 991 3753 bonitas
1006 3710 1015 3762 ;
1042 3679 1153 3751 tertia
1169 3678 1207 3750 in
1227 3679 1310 3765 fine,
1329 3703 1411 3774 quae

374 3811 431 3870 est
444 3796 668 3892 jucunditas,
721 3794 913 3882 Praeterea,
939 3792 1067 3864 bouum
1091 3791 1190 3888 quod
1207 3792 1245 3864 in
1263 3792 1336 3864 fine
1344 3793 1411 3887 ju-

373 3910 528 3983 cundum
541 3909 688 3997 dieitur,
701 3907 739 3979 in
757 3906 877 3979 medio
892 3917 1046 3978 vocatur
1063 3903 1137 3976 atil
1160 3961 1167 3975 .
1222 3903 1409 3993 Similiter,

374 4023 507 4095 atatam
527 4035 567 4095 ut
584 4022 813 4119 promissum,
832 4029 943 4117 turpe
948 4047 962 4101 ;
989 4017 1085 4090 utin
1110 4018 1196 4106 fine,
1221 4018 1411 4089 molestum

375 4161 396 4207 a
448 4135 590 4207 ellatur.

397 4161 477 4320 pllt
488 4247 526 4319 in
540 4244 762 4335 sensione,id
776 4244 875 4340 quod
885 4244 983 4317 intra
993 4266 1125 4338 eorpus
1136 4255 1203 4332 est,
1209 4241 1299 4314 nihil
1310 4238 1410 4313 aliud
