2926 4980
314 338 386 405 342
560 351 614 404 nn
634 349 827 404 crvrruna
847 348 1114 401 cnmsmurm.

128 549 206 600 cip,
219 550 275 600 χι,
315 516 493 602 Vitulum,
518 541 627 614 quem
651 516 780 608 (Exod.
799 515 910 589 xxxii.
930 517 968 609 3)
997 515 1135 590 fecerat
1152 516 1288 604 Aaron,
1313 516 1352 589 in

117 629 289 753 „mm
316 629 441 726 ignem
471 630 579 723 (vers.
611 633 673 725 20)
699 628 857 726 conjecit
884 630 1019 702 Moses.
1081 630 1283 717 Postremo,
1313 628 1352 702 in

117 758 160 802 Dei
179 759 203 802 iu
223 759 290 802 Abte
317 743 564 817 controversia
582 744 626 817 de
644 743 866 816 authoritate
879 742 1034 815 Aaronis
1047 755 1148 815 mota
1160 743 1206 815 ab
1217 743 1297 839 ejus
1315 751 1353 815 et

117 822 290 932 ffi'nffl.
317 857 446 930 Mariae
468 868 599 930 contra
621 857 763 930 Mosem
787 856 998 943 rebellione,
1016 855 1114 930 Deus
1131 857 1207 953 ipse
1224 855 1351 947 (Num.

118 952 290 1073 ffl'ffi
316 970 379 1043 xii.
399 973 437 1064 8)
461 971 522 1066 jus
546 969 749 1067 imperandi
775 967 999 1064 adjudicavit
1016 969 1124 1042 Mosi.
1175 968 1297 1042 Etiam
1314 969 1353 1041 in

318 1084 519 1178 quastione
536 1083 582 1157 de
600 1085 683 1181 jure
705 1080 848 1179 imperii
870 1081 966 1154 inter
983 1082 1126 1156 Mosem
1143 1096 1182 1156 et
1199 1105 1353 1179 congre-

315 1197 516 1294 gationem,
535 1221 608 1291 quo
635 1209 800 1291 tempore
818 1194 950 1284 Corah,
968 1195 1126 1285 Dathan,
1142 1209 1182 1269 et
1197 1194 1354 1280 Abiron,

316 1335 400 1383 cum
434 1310 603 1382 ducentis
644 1308 910 1404 quinquaginta
950 1308 1078 1404 populi
1114 1308 1353 1405 principibus,

316 1435 447 1496 contra
464 1424 606 1496 Mosem
627 1435 664 1495 et
681 1423 866 1494 Aaronem
893 1422 1204 1517 conspiraverunt,
1222 1421 1353 1512 (Num.

315 1537 387 1609 xvi.
414 1536 453 1628 3)
485 1535 739 1630 dixeruntque,
770 1534 935 1627 eqfficiat
963 1534 1081 1623 nebia,
1110 1534 1202 1631 quia
1233 1536 1354 1607 m

316 1647 513 1721 multitudo
544 1657 755 1720 sauctorum
781 1655 850 1734 eat,
878 1655 918 1717 et
948 1646 985 1718 ia
1012 1645 1108 1744 ipsit
1134 1657 1192 1719 eat
1223 1647 1354 1719 Domi-

315 1784 395 1833 nus.
435 1758 513 1831 Cur
531 1759 726 1833 elevamini
742 1783 857 1855 saper
868 1757 1048 1857 populum
1065 1758 1248 1832 Domini?
1264 1758 1355 1833 fecit

316 1873 426 1962 Deua,
443 1886 487 1945 ut
504 1883 604 1945 terra
622 1873 757 1962 Corah,
781 1872 939 1960 Dathan‚
958 1883 994 1945 et
1012 1873 1164 1961 Abiron,
1183 1896 1267 1945 cum
1285 1897 1353 1946 ux-

317 1985 440 2058 oribus
466 1997 503 2058 et
524 1985 608 2058 filiis
630 1986 731 2059 vivos
756 1984 992 2069 absorberet;
1024 1986 1201 2059 ducentos
1227 1996 1354 2059 autem

316 2109 353 2171 et
387 2097 652 2195 quinquaginta
680 2093 767 2172 illos
800 2121 971 2194 proceres
1000 2099 1224 2196 consumpsit
1253 2099 1352 2195 igne.

317 2211 447 2307 Neque
477 2235 565 2305 ergo
594 2215 730 2301 Aaron,
748 2234 866 2307 neque
883 2211 1051 2306 populna,
1071 2236 1191 2306 neque
1208 2235 1254 2284 ex
1270 2235 1355 2307 pro-

316 2329 459 2403 ceribus
482 2328 723 2418 aristocratia,
748 2327 940 2423 imperium
965 2352 1146 2401 summum
1172 2341 1260 2400 tnnc
1285 2328 1354 2401 ha-

317 2445 442 2531 buere,
460 2440 524 2515 sed
542 2442 639 2514 solus
657 2442 780 2514 Moses
795 2467 804 2524 ;
830 2440 942 2537 idque
960 2465 1035 2514 non
1054 2441 1170 2514 solum
1188 2442 1225 2514 in
1243 2442 1354 2515 rebus

317 2557 494 2648 civilibuS,
525 2555 591 2628 sed
617 2555 728 2628 etiam
753 2555 790 2627 in
818 2553 926 2627 rebus
943 2554 1087 2628 divinis.
1140 2555 1354 2628 Notandum

317 2671 426 2742 etiam
444 2680 500 2741 est
521 2669 621 2765 quod
641 2669 722 2758 illis,
742 2669 804 2765 qui
830 2682 1094 2764 praesumerent
1122 2669 1160 2741 in
1189 2681 1354 2742 montem

319 2781 430 2865 Sinai,
448 2781 486 2852 in
505 2806 577 2876 quo
596 2782 695 2853 Deus
720 2805 803 2852 cum
827 2780 931 2851 Mose
953 2781 1183 2876 colloquutns
1207 2794 1273 2872 est,
1295 2806 1336 2855 as

317 2894 483 2981 cendere,
503 2918 650 2989 poenam
674 2903 853 2966 statuerat
870 2893 968 2965 Deus
985 2909 1151 2968 mortem.
1207 2895 1353 2968 Consti-

317 3017 409 3096 tues,
427 3007 517 3080 dicit
540 3009 639 3081 Deus
660 3007 791 3102 (Exod.
810 3006 882 3078 xix.
907 3011 981 3100 12),
1009 3010 1184 3081 terminos
1207 3009 1353 3106 populo

310 3143 386 3215 per
404 3120 610 3210 circuitam,
634 3132 672 3194 et
695 3122 797 3193 dicae
820 3120 876 3192 ud
890 3145 952 3191 eoa
966 3149 980 3193 .·
1007 3132 1144 3212 cavete,
1162 3148 1207 3194 ne
1224 3147 1352 3194 uacen-

318 3231 420 3303 dotia
439 3233 476 3305 ia
495 3245 659 3324 montem,
677 3259 744 3306 nec
762 3232 1042 3330 tangatiafiaea
1069 3234 1199 3317 illium
1226 3237 1352 3319 omnia,

318 3346 382 3440 qui
397 3346 569 3444 tetigerit
595 3356 760 3434 orontem,
778 3355 896 3418 morte
914 3346 1103 3419 morietur.
1154 3348 1203 3419 Et
1228 3371 1353 3420 rursus

320 3460 429 3549 (vara.
448 3461 537 3551 21):
565 3457 771 3547 Descende,
800 3469 837 3531 et
865 3469 1076 3532 contestare
1098 3460 1290 3557 populum,
1308 3486 1355 3534 ae

303 3571 417 3667 forte
451 3572 541 3645 uelit
575 3573 844 3647 transcendere
877 3572 1050 3645 ternanos
1080 3574 1353 3648 adsidendum

318 3684 523 3773 Dominum,
536 3695 572 3757 et
580 3697 722 3783 pereat
741 3712 788 3760 ea
806 3686 1040 3783 eisplurima
1054 3686 1260 3760 multitado.
1297 3689 1353 3761 Ex

318 3797 449 3891 quibus
466 3798 585 3870 verbis
604 3799 772 3872 concludi
790 3810 923 3896 potest,
941 3799 1056 3887 illum,
1071 3801 1133 3895 qui
1149 3800 1188 3872 in
1206 3800 1353 3874 civitate

318 3909 526 3983 Christiana
541 3910 664 3983 locum
677 3913 788 3985 habet
805 3913 931 4001 Mosis,
947 3914 1064 3987 solum
1081 3937 1160 3986 esse
1177 3915 1353 3987 nuncium

317 4047 339 4094 a
366 4023 456 4113 Deo,
474 4038 511 4096 et
544 4024 801 4098 mandatorum
835 4028 913 4122 ejus
948 4027 1065 4100 solum
1092 4027 1352 4123 interpretem

316 4160 447 4232 neque,
475 4139 513 4210 in
543 4139 845 4234 interpretatione
876 4140 1077 4235 Scriptura
1113 4142 1247 4231 Sacrae,
1276 4143 1352 4215 eui-

317 4272 426 4344 qnam
443 4250 552 4323 licere
569 4251 745 4325 terminos
762 4252 1018 4326 transcendere
1040 4279 1063 4326 a
1078 4278 1219 4328 summo
1237 4255 1352 4351 impe-
