2926 4980
301 373 380 440 '228
685 388 738 438 nu
758 387 966 440 crvrrnrrr.

93 578 417 650 cpp,xxv111poena
432 577 507 627 non
525 566 604 637 est;
630 577 750 650 neque
764 554 811 626 ad
829 554 987 627 civitatis
1003 553 1123 628 tendit
1139 554 1348 642 utilitatem,

122 670 265 791 m
308 692 390 765 quae
406 692 599 764 poenarum
615 668 699 740 finis
717 680 785 757 est,
814 667 879 741 sed
896 669 1018 765 potius
1036 667 1221 741 damnum.
1274 667 1350 742 Qui

124 798 256 856 etrwmfla
308 782 405 855 enim
423 808 445 854 a
462 782 609 855 civitate
628 782 833 878 expellitur,
845 782 961 856 hostis
978 783 1021 855 fit
1037 783 1233 878 legitimus.
1277 781 1350 853 Ve-

307 919 390 968 rum
406 897 437 968 si
451 895 531 991 quis
548 919 624 968 non
641 895 750 968 modo
763 896 801 967 in
814 895 964 968 exilium
979 896 1110 969 missus
1123 896 1181 985 sit,
1193 896 1350 968 fortunis

307 1021 431 1083 autem
450 1009 525 1082 suis
554 1008 661 1080 simul
678 1008 874 1081 mulctatus
891 1008 1014 1098 fuerit,
1032 1033 1142 1105 poena
1159 1011 1236 1104 ejus
1254 1009 1351 1082 inter

307 1122 537 1220 pecuniarias
554 1122 782 1195 numeranda
799 1134 868 1195 est.

360 1235 573 1309 Punitiones
590 1235 725 1308 civium
742 1236 1006 1324 innocentium,
1024 1236 1099 1308 sive
1124 1258 1253 1332 graves
1276 1234 1351 1307 sive

309 1351 418 1439 leves,
440 1362 526 1423 sunt
553 1373 679 1422 omnes
702 1361 830 1422 contra
847 1349 946 1445 leges
963 1359 1116 1437 naturae,
1135 1361 1172 1421 et
1189 1349 1352 1420 actiones

308 1462 470 1537 hostiles.
522 1462 668 1535 Punitio
686 1464 783 1535 enim
801 1462 946 1535 illorum
962 1473 1106 1536 tantum
1120 1474 1188 1549 est,
1200 1461 1263 1557 qni
1281 1459 1352 1533 cri-

308 1600 394 1649 men
411 1574 682 1649 commiserunt.

361 1690 546 1762 Caeterum
573 1689 612 1761 in
641 1688 827 1762 hominem
855 1689 1089 1763 innocentem
1120 1689 1207 1761 mali
1234 1689 1353 1783 cujus·

309 1826 455 1898 cunque
472 1802 639 1889 inflictio,
652 1802 683 1875 si
698 1802 786 1875 civis
803 1826 878 1876 non
896 1802 956 1891 sit,
968 1802 998 1874 si
1016 1803 1094 1875 sine
1111 1801 1353 1898 praecedentis

310 1916 464 2012 alicujus
480 1915 580 2011 pacti
604 1915 802 1989 violatione
820 1917 897 2004 fiat,
916 1915 946 1989 si
965 1914 1121 2011 denique
1139 1939 1183 1988 eo
1202 1916 1272 1988 fine
1288 1915 1353 1987 fiat

309 2038 352 2102 nt
375 2032 527 2125 juvetur
551 2027 692 2116 civitas,
716 2027 808 2124 legis
825 2029 1002 2100 naturalis
1020 2028 1260 2124 transgressio
1278 2052 1353 2100 non

311 2153 379 2215 est.
406 2141 543 2214 Omnes
561 2140 659 2213 euim
670 2141 836 2214 homines
853 2152 918 2214 aut
935 2141 1031 2213 cives
1044 2153 1131 2214 sunt
1144 2153 1208 2214 aut
1217 2141 1352 2230 hostes,

310 2266 376 2328 aut
397 2265 507 2350 pacto
533 2253 631 2326 inter
655 2253 820 2327 civitates
845 2254 954 2326 amici
979 2265 1075 2326 sunt.
1128 2253 1201 2326 Sed
1224 2265 1354 2328 contra

310 2368 434 2441 hostes
444 2390 468 2438 a
480 2365 629 2438 civitate
639 2365 835 2461 judicatos
849 2366 1016 2461 aquibus
1030 2366 1204 2439 damnum
1214 2367 1354 2439 civitati

311 2490 539 2575 expectatur,
554 2479 637 2572 jure
654 2490 797 2552 naturae
813 2479 950 2551 bellum
967 2478 1089 2551 facere
1112 2480 1254 2552 licitum
1276 2490 1353 2564 est;

311 2595 436 2689 inquo
454 2591 551 2665 bello
569 2615 690 2686 neque
703 2592 845 2688 gladius
853 2593 997 2688 judicat
1009 2617 1128 2689 neque
1142 2595 1262 2666 victor
1280 2593 1352 2665 dis-

312 2707 463 2802 tinguit,
484 2718 664 2801 quatenus
682 2706 730 2778 ad
747 2716 892 2802 tempus
913 2708 1155 2803 praeteritum,
1170 2709 1268 2779 inter
1288 2731 1355 2778 no-

313 2831 439 2892 centes
466 2829 503 2890 et
528 2819 757 2907 innocentes,
783 2843 902 2914 neque
929 2820 1100 2914 cuiquam
1133 2821 1253 2916 parcit
1287 2820 1355 2892 nisi

313 2944 494 3028 quatenus
513 2931 686 3003 conducit
703 2932 752 3003 ad
769 2931 923 3003 salutem
942 2932 1087 3005 civium.
1141 2934 1241 3006 Hinc
1259 2934 1356 3005 enim

313 3045 548 3118 manifestum
566 3057 622 3118 est
639 3046 678 3117 in
695 3046 792 3117 cives
811 3070 884 3129 coe,
904 3046 966 3139 qui
983 3046 1245 3120 authoritatem
1268 3046 1356 3119 civi·

312 3159 400 3232 tatis
418 3158 713 3253 pernegaverint,
737 3158 938 3231 vindictam
956 3160 1102 3232 extendi
1120 3160 1221 3233 licite
1238 3185 1355 3256 posse,

313 3295 388 3344 non
407 3269 525 3343 solum
546 3270 597 3342 ad
617 3270 728 3365 ipsos,
746 3271 811 3343 sed
834 3271 945 3343 etiam
968 3271 1016 3343 ad
1038 3286 1206 3368 posteros
1230 3298 1357 3346 eorum

312 3383 491 3479 usquead
507 3384 653 3455 tertiam
669 3394 706 3455 et
720 3397 887 3478 quartam
904 3387 1179 3481 generationem
1193 3387 1357 3460 noudum

314 3496 523 3581 existentes,
541 3509 579 3568 et
602 3521 669 3592 per
694 3520 920 3593 consequens
946 3499 1035 3571 facti
1061 3523 1084 3570 a
1100 3501 1265 3595 patribus
1282 3501 1357 3573 suis

313 3609 497 3684 commissi
514 3609 676 3683 insontes
690 3641 699 3693 ;
726 3611 812 3706 quia
826 3610 988 3683 criminis
1001 3612 1108 3707 hujus
1121 3625 1253 3686 natura
1271 3637 1358 3686 con-

316 3725 414 3797 sistit
431 3725 470 3796 in
493 3748 550 3811 eo,
569 3723 668 3818 quod
694 3724 853 3796 civitatis
879 3725 1049 3820 regimini
1075 3727 1300 3816 renuntiant,
1318 3724 1357 3797 id

316 3850 384 3925 est,
403 3861 442 3909 se
457 3837 616 3910 civitatis
630 3837 755 3909 hostes
766 3861 843 3909 esse
857 3839 1089 3934 profitentur.
1143 3839 1217 3912 Qui
1234 3850 1358 3911 autem

316 3949 368 4022 sic
386 3949 538 4038 faciunt,
555 3974 630 4022 uon
647 3960 689 4022 ut
706 3949 803 4022 cives
830 3950 893 4022 sed
918 3962 960 4022 ut
983 3951 1107 4023 hostes
1129 3952 1253 4046 puniri
1275 3954 1358 4048 jure

314 4074 482 4157 possunt.

367 4174 565 4248 Prcemium
583 4175 657 4249 dici
675 4176 780 4263 solet,
798 4186 878 4248 tum
896 4176 995 4271 quod
1011 4176 1137 4272 gratis,
1155 4187 1234 4249 tum
1260 4179 1360 4274 quod

316 4310 362 4358 ex
378 4300 490 4384 pacto
507 4289 627 4362 datur.
680 4288 839 4363 Quando
856 4300 980 4361 antem
998 4312 1043 4360 ex
1055 4300 1176 4384 pacto,
1189 4312 1361 4384 promer·
