2926 4980
506 393 561 445 nn
580 391 791 444 oivmsnn.
1103 371 1172 450 157

125 566 255 646 tatem,
269 556 469 652 exegerita
485 557 632 630 subdito
644 581 723 646 suo,
737 568 837 629 recte
851 555 1012 652 exigitur
1025 555 1172 650 quando
1213 590 1290 640 cup,
1302 589 1363 639 xx,

127 694 219 766 opus
231 669 313 759 erit,
333 681 373 742 et
383 670 483 765 quod
498 682 625 743 utrum
638 694 730 765 opus
749 670 797 742 sit
814 692 931 742 neone
945 670 1021 763 ipse
1030 668 1173 765 judica-

1218 673 1355 702 -r-ae

1216 731 1250 774 De
1261 729 1357 773 dominio

125 784 195 873 bit,
212 783 362 856 ostendi
391 795 514 880 potest
543 808 589 857 ex
606 784 727 857 verbis
752 782 890 856 Christi
920 782 1072 874 (Matth.
1097 784 1172 855 xxi.
1215 798 1337 854 astemoe

128 907 164 984 2,
183 897 223 990 3)
244 895 434 992 discipulis
457 897 532 968 suis
561 895 782 985 mandentia,
814 897 875 968 Ite
898 896 936 967 in
965 896 1081 968 vicum
1109 920 1173 992 qm

128 1009 231 1083 vodis
249 1019 308 1083 est
325 1035 374 1082 ea
402 1010 572 1099 adverso,
591 1019 630 1081 et
646 1010 776 1081 atatim
808 1009 1002 1081 invenietis
1030 1009 1173 1081 asinam

129 1122 294 1221 ligatam
311 1133 350 1196 et
360 1122 508 1221 pullum
525 1148 604 1196 eum
623 1148 695 1206 eo;
713 1122 897 1195 solventes
916 1147 978 1194 eoa
996 1122 1175 1196 adducite

130 1249 291 1322 adme:
317 1258 356 1320 et
383 1248 419 1320 si
445 1249 529 1345 quia
556 1247 660 1320 uobis
692 1247 842 1345 aliquid
870 1248 1026 1333 dixerit,
1045 1247 1173 1334 dicite,

122 1362 283 1435 Domino
297 1361 357 1434 tis
368 1386 461 1460 opus
474 1371 553 1445 eat;
569 1361 700 1434 atatim
711 1371 833 1434 autem
849 1361 972 1433 mittet
983 1384 1059 1433 eoa.
1086 1360 1173 1432 Non

122 1476 405 1572 interrogabunt
415 1487 540 1548 utrum
558 1475 756 1548 necessitas
770 1474 833 1546 illa
844 1475 920 1547 sive
931 1497 1025 1570 opus
1039 1474 1100 1568 jus
1112 1495 1174 1544 eos

124 1589 295 1687 capiendi
325 1587 474 1662 domino
506 1589 658 1677 tribuat,
688 1611 807 1684 neque
841 1600 966 1660 utrum
1002 1586 1173 1659 dominus

125 1701 359 1777 necessitatis
384 1702 481 1776 illius
505 1702 619 1800 judex
648 1701 718 1785 sit;
745 1700 871 1773 sedin
888 1701 1080 1773 voluntate
1098 1699 1170 1772 Dei

126 1816 376 1912 acquiescent.

179 1929 251 2002 His
269 1929 359 2002 locis
385 1929 471 2002 addi
497 1930 609 2001 etiam
631 1941 759 2025 potest
786 1928 885 2024 quod
903 1928 1039 2000 dicitur
1068 1927 1173 2019 (Gen.

119 2042 179 2116 i1i.
200 2044 255 2135 5),
276 2041 405 2115 Eritis
432 2043 530 2114 sieut
548 2042 616 2132 dii,
638 2043 801 2114 scientos
827 2041 914 2114 boni
940 2051 978 2113 et
997 2040 1087 2112 uzoli
1098 2068 1112 2123 ;
1139 2051 1176 2113 et

132 2157 245 2250 (vera
269 2157 329 2249 ll)
350 2156 436 2254 quia
463 2155 648 2228 indicavit
666 2153 735 2227 tibi
752 2155 887 2228 nudum
905 2180 988 2228 ease
1007 2158 1078 2226 te?
1114 2152 1175 2225 Aa

130 2269 178 2342 de
190 2268 333 2366 fructu
350 2267 454 2339 illiue
471 2267 633 2356 arboris,
652 2267 700 2340 de
717 2291 788 2365 quo
803 2268 1076 2341 interdixeram
1107 2262 1176 2336 tibi

1167 895 1174 910 .
1216 860 1332 918 despotico.

128 2407 175 2454 ne
194 2381 369 2454 concedas
387 2407 434 2453 ex
452 2404 507 2468 eo,
527 2380 800 2452 commederit?
853 2380 1040 2476 Cognitio,
1055 2377 1092 2450 id
1107 2386 1174 2465 est,
1220 2364 1227 2383 ’

126 2493 306 2590 judicatio
323 2493 413 2565 boni
435 2505 473 2565 et
499 2492 597 2581 mali,
614 2494 809 2566 vetabatur
826 2494 894 2566 sub
912 2493 1060 2565 nomine
1077 2491 1175 2563 fiuc-

130 2618 190 2681 tus
206 2606 350 2679 arboris
363 2605 526 2678 scientiae
542 2606 631 2678 boni
649 2616 687 2678 et
701 2606 799 2694 mali,
817 2607 856 2678 in
884 2606 1176 2703 experimentum

131 2719 353 2793 obedientiae
364 2718 509 2791 Adami.
536 2718 712 2791 Diabolus
724 2731 858 2807 autem,
869 2731 913 2791 ut
931 2719 1174 2792 ambitionem

131 2832 291 2921 feminae,
309 2831 369 2904 cui
386 2831 528 2903 fructus
545 2830 606 2902 ille
624 2830 776 2926 pulcher
798 2833 874 2927 jam
896 2833 994 2904 visus
1010 2845 1100 2920 erat,
1118 2831 1174 2902 in·

131 3072 173 3135 et
189 3059 288 3132 mali.
326 3057 420 3130 Cum
433 3056 547 3152 igitur
559 3056 806 3130 comedissent
819 3059 939 3146 ambo,
955 3070 1177 3153 arrogarunt

132 3171 282 3269 quidem
294 3169 453 3243 officium
471 3169 571 3264 quod
581 3170 648 3242 Dei
660 3170 771 3242 solius
785 3182 877 3259 erat,
894 3194 1026 3267 nempe
1036 3171 1177 3266 judica·

132 3286 274 3359 tionem
283 3283 372 3357 boni
385 3294 423 3355 et
437 3283 535 3369 mali,
549 3283 694 3356 sibimet
704 3285 792 3379 ipsis
809 3316 818 3369 ;
837 3308 1047 3380 quanquam
1060 3283 1176 3356 facul-

132 3408 250 3472 tatem
279 3421 411 3470 novam
444 3396 675 3469 discernendi
697 3398 794 3470 inter
810 3399 949 3471 bonum
975 3411 1013 3470 et
1038 3397 1177 3468 malum

132 3511 274 3586 nullam
295 3510 553 3605 acquisierant.
608 3510 719 3584 Quod
750 3511 884 3584 dicitur
913 3522 1047 3597 autem,
1078 3508 1177 3605 quod

135 3648 221 3698 cum
238 3622 495 3712 comedissent,
512 3622 684 3696 viderunt
699 3646 738 3696 se
757 3624 875 3696 nudos
893 3648 983 3711 esse,
997 3647 1105 3695 nemo
1123 3622 1177 3694 lo-

135 3761 218 3811 cum
244 3736 350 3810 illum
378 3736 431 3808 ita
460 3736 724 3832 interpretatus
748 3746 815 3824 est,
851 3738 955 3832 quasi
974 3734 1065 3807 coeci
1091 3747 1177 3806 ante

134 3850 274 3923 fuerint
286 3873 407 3947 neque
421 3873 504 3922 snas
521 3850 684 3945 ipsorum
702 3861 804 3922 cutes
815 3849 987 3920 viderint.
1041 3849 1177 3919 Sensus

135 3974 259 4036 autem
273 3963 489 4036 manifestus
503 3974 571 4051 est,
586 3962 686 4058 quod
699 3986 742 4036 eo
755 3963 916 4058 primum
930 3974 1096 4057 tempore
1110 3984 1178 4033 nu-

137 4076 291 4150 ditatem
309 4099 425 4163 suam,
437 4076 476 4148 in
494 4100 566 4170 qua
578 4076 658 4149 Deo
675 4076 794 4148 visum
813 4087 868 4148 est
878 4076 959 4148 illos
972 4097 1109 4162 creare,
1123 4074 1178 4146 in-

140 4188 311 4263 decoram
329 4213 408 4262 esse
436 4188 662 4284 judicarunt,
680 4202 718 4261 et
743 4189 883 4285 pudore
897 4213 963 4261 suo
991 4188 1059 4260 Dei
1087 4211 1178 4283 opus

139 4303 252 4376 tacite
284 4302 593 4376 condemnarunt.
645 4303 856 4398 Interrogat
880 4326 968 4397 ergo
995 4300 1178 4374 Adamum

141 4416 250 4507 Dens,
270 4416 521 4505 commedisti,
539 4425 608 4489 etc.
627 4427 800 4511 tanquam
819 4416 848 4487 si
868 4415 1030 4503 dixisset,
1049 4425 1102 4501 tu,
1116 4413 1180 4509 qui
