2926 4980
320 347 389 412 154
692 368 747 420 nn
767 368 977 422 clvmsra.

130 556 209 609 eff,
223 559 285 610 χχ,
316 518 417 615 quod
445 521 626 596 voluntati
653 523 833 620 capientis
860 547 899 598 so
926 524 1106 598 submisit.
1158 525 1290 622 Neque
1308 528 1357 600 ob

130 638 275 745 m
316 632 595 708 submissionem
610 637 689 732 ejus
706 637 890 734 obligatur
900 638 1019 712 victor
1035 637 1149 712 vitam
1167 638 1203 711 ei
1220 639 1360 713 condo-

131 770 254 873 pmnpet
316 770 417 834 nare,
429 747 499 821 nisi
514 761 600 823 ante
612 749 652 822 id
668 752 891 847 promiserit.

147 834 243 888 ψ
367 863 478 937 Quod
503 864 646 938 soleant
673 866 838 940 homines
860 866 975 941 vitam
1004 867 1051 940 ab
1068 866 1231 941 instante
1251 868 1359 942 hoste

314 987 454 1071 petere,
472 977 556 1052 ideo
590 978 743 1070 faciunt,
761 993 804 1054 ut
838 979 1024 1054 declinata
1050 992 1170 1054 morte
1200 1004 1284 1078 quae
1310 982 1359 1055 ab

314 1087 410 1163 irato
439 1091 546 1164 hoste
575 1093 701 1166 statim
734 1105 964 1191 expectatur,
980 1093 1124 1190 possint
1148 1105 1279 1190 posteo
1294 1106 1360 1169 aut

313 1203 470 1298 pecunia
486 1216 551 1277 aut
571 1206 747 1281 servitute
777 1208 889 1282 vitam
916 1206 1119 1292 redimere;
1146 1231 1222 1281 non
1256 1207 1359 1304 quod

313 1317 433 1391 victor
475 1317 739 1416 redemptionis
772 1321 935 1418 pretium
969 1320 1137 1417 accipere
1171 1331 1356 1395 teneatur.

313 1430 418 1502 Tunc
429 1429 577 1504 demum
591 1456 717 1507 servus
729 1434 816 1508 vitae
826 1457 975 1508 securus
985 1443 1052 1523 est,
1064 1433 1211 1531 quando
1223 1456 1358 1531 corpus

313 1567 420 1615 suum
437 1544 507 1617 sibi
523 1546 698 1621 creditur.
752 1548 818 1621 Sin
834 1571 925 1644 opus
938 1546 1051 1621 iaciat
1067 1558 1132 1622 aut
1150 1547 1356 1644 quomodo·

313 1680 458 1752 cunque
475 1659 554 1732 sine
567 1673 676 1756 pacto
697 1661 844 1750 serviat,
857 1684 934 1734 non
955 1659 1042 1734 idvi
1051 1661 1156 1758 juris,
1174 1660 1239 1734 sed
1251 1674 1356 1735 metu

312 1770 442 1844 mortis
458 1771 562 1846 facit.

362 1885 545 1958 Dominus
555 1886 662 1975 servi,
681 1887 844 1959 omnium
857 1887 1039 1959 bonorum
1053 1908 1135 1982 quae
1152 1885 1263 1961 habet
1277 1911 1354 1962 ser·

311 2021 379 2071 vus
406 1997 576 2071 dominus
603 2010 672 2090 est,
707 2009 745 2073 et
774 1998 923 2072 domino
954 1998 1158 2094 acquiritur
1179 2000 1353 2096 quicquid

311 2112 468 2207 acquirit
498 2135 634 2185 servus
688 2112 909 2186 Continetur
938 2111 1037 2184 enim
1062 2111 1134 2185 hoc
1159 2111 1197 2184 in
1221 2126 1355 2187 natura

311 2224 510 2299 servitutis.

358 2339 450 2412 Jura
468 2339 626 2434 denique
652 2339 776 2413 omnia
797 2338 950 2412 dominii
963 2339 1109 2435 paterni
1121 2349 1201 2410 tum
1220 2337 1351 2434 despo-

310 2453 374 2525 tici
393 2452 468 2526 sive
485 2453 611 2526 herilis
638 2452 766 2527 eadem
785 2465 871 2527 sunt
888 2477 971 2549 quae
989 2477 1141 2526 summae
1156 2453 1352 2548 potestatis

308 2566 348 2638 in
364 2565 514 2639 civitate
531 2591 598 2662 per
623 2566 917 2649 institutionem
945 2578 982 2639 et
1011 2576 1163 2662 propter
1189 2566 1351 2639 rationes

308 2678 457 2752 easdem
475 2711 484 2763 ;
512 2704 596 2776 quae
614 2680 774 2753 rationes
791 2674 830 2752 in
860 2679 980 2775 capite
1009 2678 1243 2774 praecedente
1261 2679 1350 2752 satis

308 2793 499 2888 explicatae
516 2804 614 2866 sunt.
667 2794 797 2888 Itaque
807 2791 1018 2881 monarcha,
1037 2792 1099 2886 qui
1117 2791 1274 2864 duarum
1284 2803 1350 2866 aut

306 2906 466 3001 plurium
490 2906 682 2980 civitatum
708 2930 888 2979 summam
914 2904 1027 2977 habet
1055 2915 1291 3000 potestatem,
1309 2905 1348 2978 in

305 3043 380 3092 una
394 3044 461 3115 per
477 3019 759 3109 institutionem,
784 3020 822 3092 in
840 3020 955 3092 altera
967 3041 1034 3114 per
1050 3017 1347 3114 acquisitionem,

304 3133 347 3222 si,
364 3145 547 3229 praetextu
564 3134 741 3223 victoriae,
759 3134 825 3206 uni
842 3154 951 3228 quam
974 3131 1081 3205 alteri
1103 3131 1291 3204 duriorem
1308 3157 1348 3206 se

302 3248 477 3343 praebeat.
495 3259 558 3320 aut
571 3270 638 3343 per
655 3246 887 3342 iniquitatem
905 3254 969 3317 aut
977 3268 1045 3340 per
1058 3245 1151 3341 juris
1168 3246 1349 3320 naturalis

303 3361 551 3458 ignorantiam
566 3359 605 3432 id
621 3359 722 3460 facit.
775 3359 929 3432 Constat
945 3358 1032 3431 hinc
1049 3357 1226 3431 familiam
1242 3383 1346 3457 mag-

302 3498 400 3564 nam,
415 3473 486 3547 nisi
503 3473 660 3547 civitatis
678 3473 830 3568 alicujus
842 3495 928 3568 pars
939 3472 998 3560 sit,
1010 3484 1188 3569 quantum
1205 3472 1348 3569 adjura

302 3589 449 3678 attinet,
468 3587 655 3660 civitatem
675 3609 751 3659 esse
768 3609 931 3682 parvam,
950 3585 1026 3658 sive
1049 3586 1113 3659 illa
1134 3585 1274 3659 familia
1298 3611 1345 3662 ex

301 3714 408 3800 patre
425 3714 463 3775 et
480 3701 578 3791 filiis,
589 3702 666 3774 sive
679 3724 724 3773 ex
742 3699 892 3772 domino
910 3710 948 3772 et
968 3699 1093 3789 servis,
1111 3698 1170 3772 vel
1181 3723 1227 3772 ex
1236 3714 1344 3795 patre

300 3829 339 3890 et
355 3816 438 3888 filiis
456 3829 494 3888 et
518 3815 631 3888 servis
654 3825 822 3897 constet;
849 3813 941 3887 etin
959 3836 1003 3886 ea
1027 3812 1166 3886 familia
1196 3837 1345 3887 monar-

299 3930 407 4002 cham
439 3927 629 4001 dominum
655 3937 870 4022 patremque
898 3949 988 3999 esse.
1041 3925 1194 3999 Familia
1216 3937 1343 4001 tamen

297 4043 445 4139 proprie
463 4042 592 4115 civitas
608 4052 770 4130 nonest,
788 4040 859 4113 nisi
876 4052 990 4113 tantae
1008 4040 1056 4112 sit
1071 4040 1251 4135 potentiae
1282 4041 1342 4114 vel

271 4241 275 4249 ‚
297 4181 363 4253 per
375 4180 567 4229 numerum
582 4178 689 4228 suum
706 4155 764 4227 vel
776 4178 843 4250 per
859 4154 947 4228 alias
975 4152 1281 4249 opportunitates,
1299 4163 1342 4226 ut

298 4269 429 4365 subjici
447 4268 524 4342 sine
540 4267 637 4342 bello
661 4291 736 4341 non
763 4267 891 4363 possit.
944 4267 1015 4340 Ubi
1044 4265 1142 4339 enim
1172 4265 1339 4340 homines
