2926 4980
502 373 556 424 nn
577 373 784 429 clvrrars.
1092 358 1170 441 Ι133

118 538 300 613 terfectus
315 551 381 613 aut
409 564 627 637 quocunque
654 539 834 638 supplicio
865 540 1016 612 affectus
1046 536 1168 626 fuerit,
1188 573 1266 622 ω»
1278 573 1360 623 xv„

120 653 295 749 supplicii
311 678 452 749 propru
441 655 596 727 author
608 667 730 738 esset;
749 665 788 727 et
805 653 892 749 quia
908 652 1088 748 injustum
1101 655 1352 739 εεῐ,“““’
1158 707 1252 767 ,Μ
1254 711 1325 754 mh

122 766 224 862 quod
252 766 461 840 facientis
452 767 565 863 ipsius
590 767 815 840 authoritate
832 765 955 861 puniri
972 776 1108 861 potest,
1125 786 1170 835 eo
1182 777 1282 820 bene
1260 783 1360 833 [ηοω

123 903 272 976 quoque
288 880 440 953 nomine
458 881 626 976 injustus
655 880 764 954 Quod
776 889 899 952 autem
911 901 1007 950 orves
1020 820 1360 983 qurdammoop2¹11

124 993 368 1066 contumaciae
379 1008 527 1089 pactum
542 992 818 1087 praetenderunt
831 1014 979 1078 novum,
994 1014 1067 1063 uon
1086 984 1217 1063 cum¹²¹⁵

123 1105 335 1179 hominibus
349 1107 415 1180 sed
428 1131 512 1179 oum
523 1106 624 1179 Deo
615 1107 760 1193 ruitum,
775 1106 814 1179 id
831 1128 976 1201 quoque
994 1104 1170 1199 injustum

124 1234 217 1292 erat.
269 1220 424 1293 Pactum
442 1220 540 1292 enim
557 1244 641 1291 cum
656 1218 735 1291 Deo
753 1219 838 1291 iniri
855 1241 929 1290 non
947 1228 1082 1313 potest,
1101 1218 1171 1291 nisi

126 1332 313 1406 mediante
327 1334 451 1428 aliquo
464 1333 525 1428 qui
539 1332 656 1405 Deum
672 1341 927 1429 repraesentat:
947 1329 985 1403 id
1000 1331 1099 1426 quod
1112 1356 1170 1404 so-

123 1445 182 1518 lus
193 1444 284 1518 facit
293 1447 337 1533 is,
357 1446 420 1540 qui
437 1469 616 1518 summam
630 1446 697 1518 sub
712 1444 791 1517 Deo
802 1444 914 1516 habet
931 1453 1168 1539 potestatem.

125 1558 200 1631 Sed
210 1560 411 1656 praetensio
427 1558 492 1631 illa
504 1561 604 1655 pacti
616 1583 700 1631 cum
712 1558 803 1647 Deo,
815 1557 1051 1630 manifestum
1065 1582 1169 1633 meu-

124 1671 270 1744 dacium
281 1685 373 1761 erat,
387 1695 507 1767 neque
518 1673 694 1767 injustum
705 1683 861 1759 tantum,
875 1671 939 1743 sed
953 1670 1169 1743 vilissimum

123 1784 263 1857 factum
280 1808 361 1857 esse
378 1796 633 1880 cognoverunt
650 1785 720 1880 ipsi
736 1784 1018 1879 praetendentes

176 1898 360 1986 Secundo,
374 1922 517 1971 summa
526 1911 688 1994 potestas
706 1909 857 1994 propter
874 1898 1007 1969 malam
1025 1897 1170 1994 reipub-

124 2011 206 2084 licae
230 2011 587 2084 administrationem
613 2012 763 2084 habenti
796 2012 876 2084 tolli
910 2035 985 2083 non
1020 2022 1168 2108 potest;

123 2123 255 2220 primo,
283 2123 380 2219 quia,
399 2147 484 2196 cum
509 2125 621 2197 totius
652 2125 811 2197 civitatis
840 2147 1034 2219 personam
1051 2135 1168 2219 gerat,

123 2258 208 2334 quae
223 2250 265 2311 ut
283 2250 388 2310 actor
405 2237 495 2310 facit
512 2238 584 2327 ille,
598 2248 641 2311 ut
657 2238 791 2312 author
804 2238 893 2310 facit
906 2238 1046 2310 civitas.
1075 2236 1168 2310 Quis

122 2362 248 2423 autem
264 2361 332 2438 est,
350 2349 413 2445 qui
431 2350 617 2423 civitatem
636 2373 737 2423 ream
762 2350 901 2425 faciet?
920 2404 922 2408 -
954 2350 1096 2422 Deinde
1124 2349 1166 2436 is,

124 2464 165 2536 in
184 2487 294 2560 quem
324 2462 515 2535 confertur
540 2475 705 2559 potestas
736 2488 889 2554 summa,
908 2487 992 2537 eum
1023 2463 1169 2535 nemine

121 2577 324 2674 paciscitur
342 2575 611 2649 conferentium
626 2608 635 2661 ;
663 2590 702 2650 et
718 2577 873 2673 proinde
887 2577 1025 2649 nemini
1042 2600 1168 2649 eorum

122 2689 295 2786 injuriam
317 2700 441 2786 potest
463 2688 583 2762 facere
600 2702 751 2785 propter
769 2714 878 2785 quam
904 2700 1086 2785 potestate
1104 2713 1171 2761 sua

120 2804 342 2898 privaretur.
394 2802 472 2875 Aut
497 2803 595 2875 enim
622 2816 752 2899 pactus
770 2815 826 2876 est
844 2828 929 2875 curn
948 2815 1028 2875 tota
1045 2804 1168 2875 multi-

123 2915 250 2988 tudiue
276 2915 381 3011 quasi
408 2938 492 2986 cum
521 2938 596 2987 una
620 2938 798 3010 persona3
826 2917 925 3010 quod
951 2940 1025 2989 non
1049 2914 1170 3011 potuit

123 3028 203 3103 fieri
224 3039 425 3122 antequam
443 3027 651 3123 eligeretur,
672 3029 758 3124 quia
777 3029 974 3101 multitudo
1004 3029 1067 3101 illa
1096 3053 1170 3101 una

124 3165 282 3239 persona
292 3141 457 3214 nondum
475 3154 575 3214 erat:
603 3153 666 3214 aut
684 3166 767 3214 oum
783 3141 936 3237 singulis
949 3142 1112 3230 seorsim,
1131 3155 1170 3211 et

125 3254 189 3342 sic,
206 3254 317 3328 simul
334 3265 446 3350 atque
465 3254 602 3326 electus
627 3264 695 3342 est,
713 3254 963 3350 unusquisque
981 3253 1086 3325 malae
1105 3252 1169 3325 ad-

125 3367 414 3454 ministrationis,
431 3368 534 3462 cujus
546 3390 648 3439 reum
662 3367 804 3440 faciunt
814 3367 929 3455 illum,
941 3367 1075 3439 author
1091 3365 1169 3460 ipse

124 3495 181 3553 est
211 3492 249 3553 et
279 3491 429 3553 accusat
459 3480 630 3575 seipsum.
682 3480 786 3552 Velle
811 3504 899 3575 ergo
925 3480 1043 3575 pactis
1065 3477 1169 3550 illum

125 3594 300 3690 obligare,
318 3594 381 3689 qui
399 3616 577 3665 summam
595 3594 706 3666 habet
727 3605 960 3689 potestatem,
979 3605 1034 3665 est
1053 3592 1169 3687 ipsam

126 3707 311 3781 civitatem
346 3705 509 3801 obligare
542 3705 646 3778 velle.
698 3706 836 3778 Verum
864 3707 895 3778 si
925 3705 1169 3779 concedamus

126 3820 240 3907 illum,
267 3818 330 3914 qui
357 3841 536 3891 summam
568 3819 679 3891 habet
706 3831 939 3914 potestatem,
958 3831 1068 3914 pacta
1085 3843 1168 3891 cum

120 3933 276 4005 civitate
293 3942 330 4003 et
348 3930 441 4002 inire
460 3942 497 4002 et
513 3930 650 4003 violare
667 3955 786 4026 posse,
805 3932 834 4003 is
853 3944 977 4004 autem
996 3956 1079 4003 cum
1092 3933 1170 4004 vio-

126 4045 256 4119 laverit
273 4043 429 4117 violasse
455 4043 656 4139 negaverit,
670 4045 751 4139 quis
768 4044 870 4116 litem
884 4045 979 4116 hanc
998 4044 1170 4116 determi-

127 4156 257 4232 nabit?
308 4158 391 4230 Nisi
409 4169 532 4229 autem
552 4156 829 4246 determinetur,
841 4156 984 4227 reditur
1001 4156 1048 4228 ad
1066 4180 1170 4229 anar-

127 4272 259 4359 chiam,
278 4294 347 4344 nec
364 4271 493 4344 civitas
511 4271 668 4366 amplius
686 4284 753 4343 est.
808 4270 845 4343 Si
865 4270 1132 4342 determinetur
1149 4295 1171 4342 a
