2926 4980
343 352 417 421 406
582 368 636 421 na
656 369 850 423 οινιτιιιι
871 370 1141 427 camariana.

144 564 315 617 cursen,
342 557 434 623 sum,
462 557 529 631 per
553 533 760 609 Johannem
786 538 1001 634 Baptistam‚
1027 549 1066 614 et
1091 562 1158 637 per
1186 540 1390 637 apostolos,

158 646 306 766 „mm
342 647 434 721 nihil
460 647 560 721 aliud
588 647 635 723 de
661 649 734 723 fide
763 651 982 747 praedicasse
1008 662 1257 749 praeterquam
1288 654 1392 750 quod

158 772 312 820 evehenda
343 761 422 857 ipse
452 773 546 833 esset
574 761 754 836 Christus.
805 763 993 837 Johannes
1014 764 1164 857 (Matth.
1183 765 1235 839 iii
1254 766 1297 859 2)
1317 766 1391 841 hoc

344 873 462 947 solum
473 873 698 970 praedicavit,
711 900 866 973 regnum
876 877 953 951 Dei
962 877 1264 975 appropinquat.
1284 878 1392 953 ldem

346 987 522 1060 Servator
547 1001 674 1061 noster
702 988 927 1085 praedicavit
957 990 1048 1087 ipse,
1068 991 1219 1084 (Matth.
1238 992 1290 1067 iv.
1314 994 1394 1089 l7);

345 1112 383 1175 et
408 1100 603 1174 duodecim
627 1102 802 1198 apostolis
818 1102 857 1175 in
874 1103 1056 1179 mandatis
1082 1103 1184 1179 dedit
1210 1106 1393 1181 Servatur

344 1224 482 1305 noster,
503 1214 655 1308 (Matth.
673 1240 708 1288 x.
725 1216 779 1307 7),
793 1227 837 1288 ut
858 1214 957 1291 idem
978 1216 1233 1313 praedicarent.
1287 1219 1393 1293 Arti-

344 1327 448 1400 culus
462 1327 523 1400 ille
533 1327 620 1401 fidei
631 1329 850 1403 Christiana
867 1329 1152 1405 fundamentalis
1162 1342 1254 1405 erat.
1283 1332 1393 1407 Post·

344 1464 454 1537 quam
482 1441 595 1538 igitur
620 1443 775 1538 apostoli
800 1467 824 1516 a
847 1443 1108 1540 praedicatione
1138 1444 1286 1519 articuli
1319 1445 1393 1519 hn-

340 1555 401 1650 jus
427 1553 475 1627 ad
501 1553 688 1628 Christum
714 1556 849 1631 reversi
876 1569 1009 1647 essent,
1035 1557 1278 1653 interrogavit
1302 1558 1393 1634 illos

345 1667 512 1742 Christus
525 1679 678 1741 cunctos
692 1669 811 1759 simul,
825 1693 899 1744 non
911 1671 1060 1744 Petrum
1080 1670 1199 1744 solum
1230 1671 1391 1764 (Matth.

344 1781 416 1856 xvi.
429 1784 506 1876 13):
529 1781 725 1867 Quemnam
739 1808 821 1855 aare
834 1782 1030 1857 medicant
1042 1782 1233 1857 homines?
1245 1782 1392 1861 Filium

344 1894 538 1969 hominia?
574 1894 632 1969 Illi
649 1919 736 1969 vero
754 1895 926 1970 dixerunt
941 1898 1050 1989 (vers.
1073 1896 1145 1988 14.)
1167 1924 1176 1969 2
1202 1895 1289 1969 Atii
1303 1899 1391 1995 qui-

345 2008 426 2081 dem
451 2007 655 2080 Iohannem
681 2008 912 2106 Baptirtom
938 2008 1011 2081 atii
1036 2032 1123 2081 vcro
1152 2007 1296 2098 Elium,
1314 2009 1392 2085 atii

345 2146 432 2194 oero
456 2119 669 2210 Jeremiam,
694 2131 760 2194 out
792 2146 899 2195 unum
929 2147 977 2195 ea
998 2121 1214 2220 prophetia.
1276 2123 1390 2199 Tunc

345 2246 469 2309 autem
503 2236 612 2327 (vers.
639 2237 698 2326 15)
726 2235 968 2331 interrogavit
995 2234 1077 2309 illos
1106 2235 1214 2309 simul
1243 2259 1391 2328 omnes,

344 2372 421 2421 non
449 2349 597 2421 Petrum
627 2347 766 2421 solnm:
801 2347 873 2420 Vos
902 2358 1024 2421 cutem
1049 2372 1155 2444 quem
1178 2372 1234 2420 me
1251 2349 1391 2424 dicitis

345 2466 466 2535 ease?
494 2461 623 2556 Itaque
643 2460 752 2555 (vers,
776 2461 836 2553 16)
857 2460 1013 2535 Sanctus
1031 2461 1160 2534 Petrus
1179 2485 1247 2559 pro
1265 2464 1388 2537 omni-

345 2575 413 2646 bus
427 2573 636 2669 respondit:
661 2575 717 2646 Tu
730 2600 771 2646 ec
787 2574 1094 2669 Christus‚filiur
1109 2575 1185 2647 Dei
1198 2576 1358 2650 viventia
1371 2606 1387 2651 .·

346 2689 407 2783 qui
425 2687 612 2778 articulus
630 2699 672 2760 ut
698 2688 784 2777 dixi,
810 2688 896 2761 fidei
922 2687 1036 2761 totins
1062 2687 1225 2761 ecclesiae
1250 2688 1386 2764 funda-

346 2815 510 2875 mentum
533 2813 601 2875 est.
627 2802 750 2898 Atque
772 2802 858 2875 hinc
882 2802 1113 2876 occasionem
1135 2802 1386 2898 coepitdicen-

346 2915 404 2988 di:
438 2915 492 2988 Tu
505 2941 546 2988 ea
564 2915 714 3004 Petrus,
726 2925 763 2987 et
781 2940 896 3012 super
914 2914 1010 2986 horte
1022 2923 1174 3012 petram
1186 2914 1385 3010 cedr’ficabo

345 3054 459 3100 aream
477 3028 673 3102 ecclesiam
691 3038 761 3103 etc.
790 3029 1029 3102 Manifestum
1048 3052 1136 3122 ergo
1153 3040 1222 3118 est,
1238 3040 1384 3125 petram

345 3142 508 3215 ecclesiae
524 3141 836 3215 fundamentalem
853 3142 961 3214 aliam
974 3141 1198 3215 intellectam
1211 3166 1287 3216 non
1304 3167 1385 3217 esse

346 3255 630 3352 eoloco,praeter
640 3255 727 3328 fidei
740 3255 934 3328 articulum
945 3254 1046 3327 illum
1057 3254 1383 3330 fundamentalem.

347 3368 421 3442 Sed
446 3393 570 3464 quare,
590 3368 688 3442 dicet
708 3368 850 3465 aliquis,
868 3368 1070 3463 interponit
1089 3366 1254 3442 Christus
1271 3371 1387 3443 verba

346 3482 419 3570 illa,
440 3482 492 3554 Tu
503 3507 544 3554 ea
560 3483 724 3556 Petras?
742 3481 1057 3555 Considerandum
1071 3506 1159 3577 ergo
1170 3494 1226 3555 est
1236 3495 1385 3578 aposto

346 3596 421 3668 lum
440 3596 737 3691 cognominatum
749 3595 861 3669 fuisse
876 3595 1057 3668 aChristo
1071 3595 1244 3692 cepham,
1259 3595 1298 3668 id
1315 3609 1383 3685 est,

346 3710 473 3783 Graece
491 3742 609 3806 πετραν
620 3710 679 3782 vel
691 3743 815 3807 πετρον,
834 3709 962 3782 Latine
977 3708 1153 3807 lapidem.
1184 3709 1384 3805 Postquam

345 3823 458 3919 igitur
471 3822 665 3895 articulum
691 3823 790 3895 hunc
816 3823 945 3896 Petrus
971 3822 1157 3895 confessus
1174 3834 1282 3912 esset,
1298 3824 1385 3897 Ser-

345 3948 451 4009 vator
467 3948 605 4024 noster,
619 3936 668 4008 ad
684 3959 817 4009 nomen
837 3937 916 4032 ejus
934 3934 1111 4024 alludens,
1130 3935 1235 4025 dixit,
1268 3936 1324 4009 Tu
1340 3963 1383 4010 ea

347 4049 499 4137 Petrus,
517 4058 555 4121 et
572 4074 687 4146 super
700 4048 794 4121 harre
810 4060 960 4146 petrum
978 4047 1172 4143 oedficabo
1189 4059 1248 4122 etc
1259 4077 1273 4121 .·
1299 4060 1383 4123 tau-

347 4185 457 4256 quam
469 4161 607 4234 diceret
617 4160 812 4234 articulum
822 4160 936 4251 illum,
947 4159 1073 4233 lesum
1083 4186 1166 4234 esre
1179 4160 1381 4252 Christum,

346 4274 445 4366 fidei,
459 4299 526 4372 per
539 4299 649 4371 quam
659 4273 814 4349 ecclesia
824 4287 903 4348 erat
920 4273 1140 4363 Christiana,
1153 4274 1382 4353 essentialem
