2926 4980
317 332 391 399 538
555 347 771 401 urrnnmx
791 350 846 402 An
867 351 1124 406 unvmruun.

144 545 222 595 cnr.
235 546 259 597 1.
315 530 436 618 debet,
460 529 560 625 quod
578 554 692 604 none
717 531 917 628 Scripturis
941 530 1062 604 Sacris
1079 530 1216 605 deduci
1235 537 1381 630 possit.

130 627 389 737 1‚„⁵'‘*‘Sed,„1,„1⁰
405 642 548 715 utinam
567 643 766 718 deductum
780 645 920 718 fuisset.
972 643 1148 719 Nondum
1167 646 1276 719 enim
1295 650 1381 723 scio

132 756 222 801 Niceuo.

314 781 387 854 quo
401 780 511 829 sensu
521 756 662 851 utquid
673 759 873 831 maximum
887 759 945 831 vel
957 781 1132 853 magnum
1146 757 1223 831 dici
1234 763 1378 856 possit,

313 869 415 968 quod
431 893 507 943 non
535 869 583 943 sit
611 894 755 1002 corpus.
810 871 883 945 Sed
908 871 967 944 dic
994 871 1095 960 mihi,
1115 896 1295 968 quaenam
1315 888 1377 950 est

314 985 547 1061 differentia
538 999 636 1060 mter
650 987 766 1086 gigni
783 1000 821 1060 et
832 988 1083 1087 procedere?

363 1099 411 1174 B.
439 1100 533 1174 Vide
564 1101 784 1175 Matthaeum
814 1102 854 1193 (i.
873 1104 953 1194 20),
970 1102 1034 1173 ubi
1063 1104 1219 1199 augelus
1248 1105 1372 1179 Jose-=

312 1214 427 1311 phum
445 1214 655 1311 alloquitur,
674 1214 821 1287 dicens:
840 1213 902 1287 Ne
919 1223 1062 1287 metuas
1079 1218 1371 1315 occipereMu-

207 1343 212 1351 '
312 1330 410 1400 riam
438 1350 590 1399 uxorem
618 1336 743 1401 tuum:
769 1325 873 1423 quod
896 1327 994 1399 enim
1014 1327 1053 1400 ir
1069 1327 1142 1401 itta
1161 1352 1367 1407 nunlruu

311 1450 381 1528 ert,
400 1465 447 1511 ec
466 1438 617 1535 Spiritu
636 1440 777 1512 Sancto
795 1449 864 1512 est.

360 1551 409 1624 A.
438 1552 488 1624 At
520 1552 622 1641 illud,
646 1578 694 1626 ec
723 1553 873 1652 Spiritu
902 1553 1041 1626 Sancto
1065 1565 1134 1644 eet,
1159 1558 1289 1631 nescio
1315 1584 1364 1633 an

311 1664 495 1759 significat
521 1691 569 1738 ec
598 1664 748 1762 Spiritu
776 1667 917 1740 Sancto
940 1667 1111 1765 genitum
1136 1679 1208 1760 eet,
1235 1695 1285 1744 an
1315 1699 1364 1746 ee

312 1777 463 1874 Spiritu
483 1778 624 1853 Sancto
634 1779 827 1876 procedit.

360 1891 409 1964 B.
438 1893 558 1966 Locus
591 1893 653 1965 hic
686 1893 844 1966 Matthei
878 1918 964 1990 pars
993 1906 1050 1967 est
1078 1896 1273 1992 Evangelii
1311 1899 1362 1972 ad

309 2002 444 2077 festum
470 2006 770 2095 circumcisionis
788 2007 853 2080 ubi
878 2007 1015 2102 legitur
1040 2007 1078 2081 in
1104 2008 1271 2105 liturgia,
1290 2013 1363 2085 sub

310 2117 484 2191 Eduardo
503 2119 615 2191 Sexto
633 2119 745 2193 latine
763 2119 874 2208 editu,
896 2120 1007 2205 Quod
1030 2121 1069 2193 iu
1092 2120 1164 2192 illu
1183 2124 1362 2219 genitum

308 2240 378 2320 est,
394 2256 419 2303 u
431 2231 581 2329 Spiritu
593 2232 733 2304 Sancto
747 2232 961 2329 profectum
974 2245 1059 2318 ect,·
1084 2244 1121 2306 et
1138 2235 1187 2307 ab
1200 2237 1363 2311 ccclesia

308 2355 436 2417 nostra
460 2345 513 2417 ita
531 2344 689 2417 vertitur
715 2370 758 2417 ac
784 2346 815 2417 si
833 2347 1011 2441 seriptum
1029 2359 1135 2435 esset,
1159 2373 1184 2419 a
1203 2349 1363 2446 Spiritu

309 2456 448 2528 Sancto
466 2457 578 2528 reuit.
630 2457 743 2529 Vides
770 2481 858 2552 ergo
886 2459 1070 2553 quomodo
1100 2460 1223 2533 locum
1253 2461 1362 2536 illum

308 2570 552 2664 interpretata
565 2582 620 2642 est
635 2571 791 2643 ecelesia
806 2572 1020 2666 Anglicana,
1032 2585 1069 2645 et
1080 2573 1224 2669 opinor,
1239 2590 1360 2650 recte.

356 2684 405 2754 A.
435 2683 537 2756 Quid
563 2683 702 2778 igitur?
755 2683 848 2756 Cum
867 2685 1025 2780 Spiritus
1044 2687 1203 2759 Sanctus
1220 2713 1244 2760 a
1262 2689 1359 2765 Filio

304 2795 545 2890 procedat‚ut
556 2807 612 2866 est
626 2796 1135 2890 i1rsymb010,etFiliuS‚utin
1150 2799 1223 2872 hoc
1235 2810 1358 2894 textu,

304 2908 482 3003 procedat
495 2933 518 2979 a
538 2908 679 3004 Spiritu
698 2910 846 2998 Sanct0,
862 2923 899 2982 et
912 2912 1233 3007 uterquegeuitus
1252 2915 1358 2989 dica-

303 3035 376 3113 tur,
393 3024 509 3121 gigni
527 3037 564 3095 et
578 3024 793 3121 procedere
808 3025 957 3096 omuino
972 3025 1118 3097 differre
1135 3049 1212 3097 non
1226 3029 1358 3103 viden·

305 3148 377 3209 tur.
407 3137 594 3211 Quorsum
610 3139 722 3211 verba
733 3139 796 3210 illa
806 3138 975 3211 distinxit
986 3139 1142 3211 ecelesia
1156 3139 1355 3216 Romana?

354 3251 403 3322 B.
433 3251 580 3323 Nescio.
639 3252 718 3324 Scis
758 3266 882 3324 autem
922 3253 1124 3348 Sphingem
1152 3255 1356 3350 aenigmate

304 3364 492 3458 quondam
510 3364 621 3435 fuisse
639 3366 775 3459 populo
793 3366 1073 3438 formidabilem.

352 3477 400 3549 A.
430 3478 552 3551 Quam
585 3478 858 3551 distinctionem
889 3480 1018 3552 harum
1044 3503 1176 3553 vocum
1208 3480 1356 3557 faciunt

302 3592 457 3664 Patres?

351 3707 400 3777 B.
429 3705 578 3778 Nullam
611 3731 721 3802 quam
750 3731 819 3801 ego
839 3706 924 3778 vidi.
978 3707 1134 3802 Cyrillus
1163 3705 1265 3794 dicit,
1294 3709 1354 3783 ita

300 3847 341 3893 ee
359 3820 500 3893 hecbere
518 3819 655 3891 Filium
678 3821 732 3892 ad
756 3821 942 3917 Spiritum
960 3821 1149 3908 Sanctum,
1170 3829 1209 3891 ut
1228 3821 1353 3894 Peter

299 3937 355 4008 ud
374 3934 520 4006 Filium.
1255 3951 1260 3964 '

349 4049 398 4119 A.
426 4047 583 4119 Videtur
595 4070 685 4142 ergo
697 4046 833 4141 Cyrillo
845 4046 975 4117 Filium
986 4045 1156 4140 genuisse
1168 4046 1351 4140 Spiritum

300 4162 490 4248 Sanctum,
503 4173 540 4232 et
551 4161 602 4232 sio
614 4183 740 4232 rursus
751 4158 850 4230 idem
863 4183 940 4230 esse
951 4159 1065 4257 gigni
1077 4170 1114 4230 et
1119 4159 1348 4256 procedere.

299 4275 393 4346 Mihi
411 4299 499 4347 vero
518 4275 605 4347 satis
623 4274 855 4370 perspicuum
870 4285 926 4345 est
944 4272 1075 4344 Filium
1090 4272 1160 4344 Dei
1176 4272 1348 4366 genitum

300 4412 380 4461 csse
409 4413 431 4459 a
461 4388 551 4475 Deo,
572 4388 633 4482 qui
665 4397 781 4458 totam
810 4384 1088 4481 comprehendit
1113 4385 1348 4458 Trinitatem.
