2926 4980
141 334 215 401 488
391 350 445 403 DE
464 349 607 404 REGNO
625 348 932 405 renuentum.

11 539 114 591 ..unu
141 516 189 589 ad
206 517 343 591 cultum
358 518 559 616 imaginum
577 519 714 593 Christi
729 532 769 592 et
785 530 1001 593 sanctorum
1014 516 1198 615 perducti

12 626 102 723 ζοζοῇ
141 640 238 703 sunt.
300 632 462 706 Fuerunt
487 644 611 707 tamen
637 643 721 729 post
748 630 1040 706 Constantinum
1074 630 1197 728 impe-

12 744 120 867 {m
141 756 282 818 ratores
296 745 421 842 aliqui,
438 759 476 819 et
494 747 667 844 episcopi,
685 759 722 821 et
738 746 894 820 concilia
906 746 1118 843 generalia,
1130 746 1197 843 qui

12 888 73 919 aum
140 857 317 954 imagines
329 860 457 933 tollere
475 859 598 932 conati
616 872 713 950 sunt,
727 859 793 933 sed
809 881 904 932 sero.

190 971 311 1043 Etiam
345 971 580 1044 canonisatio
613 981 827 1044 sanctorum
856 994 877 1043 e
904 969 1076 1067 reliquiis
1112 982 1197 1045 erat

141 1084 360 1172 ethnicismi,
377 1108 451 1157 non
474 1109 497 1157 a
522 1082 722 1180 Scripturis
745 1084 840 1156 mule
862 1082 1066 1157 intellectis
1090 1096 1195 1176 nata,

140 1221 259 1294 neque
277 1198 454 1272 Romanae
471 1198 634 1271 ecclesiae
651 1197 841 1271 inventum
854 1219 1006 1285 novum,
1019 1197 1093 1271 sed
1103 1222 1196 1273 con-

140 1310 295 1383 suetudo
313 1334 387 1382 non
405 1311 526 1383 minus
538 1310 690 1406 antiqua
701 1334 811 1405 quam
825 1321 905 1384 erut
917 1309 1000 1406 ipsa
1015 1310 1196 1386 &mana

140 1422 281 1494 civitas.
334 1422 476 1494 Primus
494 1423 670 1512 omnium,
696 1423 758 1518 qui
787 1423 915 1496 Romae
941 1424 1195 1499 canonizatus

140 1545 207 1621 est,
237 1545 316 1606 erat
340 1534 541 1620 Romulus;
569 1560 677 1631 quem
703 1536 822 1609 Julius
849 1536 1027 1610 Proculus
1058 1562 1194 1611 coram

141 1658 270 1720 senatu
285 1648 424 1743 juravit
448 1647 583 1722 vidisse
608 1673 647 1721 se
675 1660 713 1722 et
742 1649 956 1721 convenisse
984 1663 1191 1746 postquam

140 1772 236 1833 esset
252 1773 429 1849 mortuus,
448 1763 691 1836 affirmantem
702 1760 801 1858 quod
817 1762 854 1835 in
872 1761 966 1835 coelo
983 1762 1191 1855 habitaret,

140 1886 178 1945 et
196 1885 390 1947 vocaretur
407 1875 458 1948 ibi
478 1875 666 1966 Quirinus,
690 1876 1043 1972 promittentemque
1059 1880 1191 1975 propi-

142 1987 234 2060 tium
249 2011 287 2060 se
301 1988 441 2062 civitati
458 1989 624 2063 futurum
639 2012 739 2072 esse;
758 1999 797 2061 et
805 2000 1002 2085 propterea
1016 2013 1041 2062 a
1053 2003 1191 2066 senatu

140 2102 239 2174 Deus
265 2101 472 2176 declaratus
498 2114 568 2176 est.
633 2103 719 2176 Post
743 2101 846 2175 illum
862 2102 984 2176 Julius
1001 2102 1135 2177 Caesar
1152 2117 1189 2179 et

140 2215 202 2289 alii
221 2215 369 2311 quidam
387 2216 627 2313 imperatores
644 2215 852 2290 canonizati
868 2226 986 2304 erant,
1004 2228 1045 2289 et
1059 2219 1190 2315 appel-

141 2329 205 2401 lati
223 2327 320 2401 Divi.

192 2443 221 2513 A
251 2441 426 2514 Romanis
452 2440 608 2513 ethnicis
625 2441 738 2513 etiam
765 2452 833 2529 est,
857 2441 956 2536 quod
974 2441 1087 2538 Papae
1114 2443 1188 2516 sihi

141 2567 348 2626 sumserunt
362 2578 495 2626 nomen
522 2552 709 2626 Pontificis
735 2553 899 2625 Maximi.
951 2552 1038 2626 Non
1057 2567 1188 2629 tamen

141 2692 274 2740 nomen
303 2665 392 2738 illud
420 2678 505 2738 ante
531 2676 752 2754 sumserunt,
771 2691 879 2762 quam
897 2666 971 2739 vim
990 2691 1097 2740 suam
1116 2669 1188 2741 im-

140 2781 282 2876 perium
318 2780 356 2851 in
396 2779 502 2850 ltalia
537 2778 773 2874 perdiderat;
816 2805 902 2852 nam
940 2781 1187 2856 Pontificatus

142 2917 276 2989 magna
310 2916 462 2964 summae
494 2893 688 2987 potestatis
723 2916 808 2988 pars
838 2903 928 2965 erat.
991 2894 1187 2989 Augustus

142 3009 276 3095 Caesar,
307 3030 391 3078 cum
425 3017 561 3079 statum
595 3007 802 3079 Romanum
832 3031 855 3079 a
884 3007 1110 3081 democratia
1145 3009 1185 3083 in

142 3120 390 3193 monarchiam
418 3131 662 3210 converteret,
697 3121 824 3194 titulos
859 3123 950 3195 duos
984 3123 1082 3196 solos
1114 3126 1186 3198 sihi

142 3234 250 3329 cepit,
268 3233 422 3305 Tribuni
447 3233 563 3329 plebis
590 3246 627 3306 et
650 3234 836 3307 Pontificis
863 3234 1029 3324 Maximi,
1047 3238 1186 3333 quihus

141 3348 335 3442 imperium
352 3346 549 3443 integrum,
575 3359 654 3420 tum
680 3371 803 3420 rerum
822 3349 981 3422 civilium
998 3361 1079 3422 tum
1098 3351 1187 3423 reli-

141 3461 272 3556 gioniS,
300 3460 582 3546 continebatur;
609 3486 718 3558 quam
743 3473 964 3559 potestatem
983 3463 1095 3535 etiam
1114 3466 1185 3537 im-

142 3587 341 3671 peratores,
356 3575 419 3670 qni
433 3575 647 3673 subsequuti
659 3589 756 3665 sunt,
769 3576 857 3649 dum
870 3576 974 3649 stetit
987 3577 1185 3672 imperinm

141 3688 383 3760 retinuerunt.
449 3687 559 3761 Quod
584 3700 707 3761 autem
734 3690 925 3785 episcopus
944 3689 1135 3764 Romanus
1161 3715 1186 3764 a

142 3801 384 3873 Constantino
406 3801 545 3895 Magno
562 3800 742 3896 episcopis
756 3801 898 3874 caeteris
915 3801 1088 3896 praelatus
1101 3803 1186 3877 fue-

141 3915 201 4002 rit,
221 3938 331 3986 cansa
348 3937 422 3986 non
440 3926 519 3986 erat
534 3914 632 4010 quod
651 3914 759 3986 Petro
778 3914 881 4010 quasi
899 3914 1055 4010 principi
1074 3939 1186 4011 apos-

141 4029 302 4101 tolorum
319 4029 356 4099 in
383 4027 558 4101 cathedra
584 4029 751 4101 Romana
769 4028 993 4116 succederet,
1011 4028 1077 4101 sed
1094 4032 1184 4125 quia

140 4143 283 4237 imperii
302 4141 407 4214 sedes
430 4152 509 4213 erat
530 4142 618 4213 urbs
646 4141 833 4223 Romana;
861 4152 902 4213 ut
920 4164 966 4213 ex
992 4165 1036 4213 eo
1062 4145 1184 4217 mani-

139 4255 271 4328 festum
291 4268 359 4343 est,
378 4255 577 4350 quodcum
594 4256 681 4327 urbs
709 4254 1044 4350 Constantinopolis
1067 4256 1182 4329 etiam
