2926 4980
529 411 583 462 nn
603 409 810 462 crvmarn.
1120 390 1188 458 261

156 578 265 674 idque
295 601 339 652 eo
370 602 489 668 sensu,
518 590 663 652 utnon
688 578 777 652 velit
807 577 991 651 declarare
1021 573 1116 673 quid
1141 572 1194 646 ait
1216 604 1406 654 cinit-xxi.

157 691 267 780 Deua,
292 691 356 764 sed
374 704 552 788 quantum
581 691 700 788 ipsum
731 691 954 764 admiramur
982 700 1019 762 et
1044 710 1194 760 venera·
1235 685 1372 806 ff

157 827 239 875 mur
255 827 333 876 nos.
386 805 544 877 Unicum
562 804 660 876 enim
676 815 818 877 naturae
836 827 911 875 suae
927 825 1062 875 nomen
1083 801 1195 874 habet
1236 813 1390 859 nantium.

159 937 245 988 nso.

207 1029 382 1102 Actiones
407 1041 530 1103 autem
559 1054 640 1126 quae
668 1029 715 1102 ad
741 1029 878 1102 cultum
903 1028 1067 1101 divinum
1083 1027 1196 1123 perti-

158 1152 259 1230 nent,
271 1143 423 1215 rationis
438 1153 505 1232 est,
518 1155 559 1215 ut
575 1143 680 1238 signa
692 1143 766 1214 sint
780 1141 944 1225 honoris3
959 1141 1085 1238 quales
1099 1150 1197 1226 sunt,

157 1255 276 1350 primo
294 1256 386 1341 loco,
399 1280 549 1354 preces.
603 1254 772 1328 Secundo
790 1254 885 1344 loco,
900 1255 1119 1353 gratiarum
1137 1278 1198 1326 ae·

159 1368 278 1439 tiones
289 1396 303 1451 ;
330 1393 413 1462 quae
431 1381 552 1442 tamen
571 1369 776 1465 aprecibus
799 1370 838 1442 in
863 1367 964 1441 cultu
985 1367 1108 1440 divino
1121 1392 1197 1441 non

159 1480 264 1553 aliter
278 1481 537 1570 differunt,nisi
552 1482 651 1579 quod
667 1483 884 1555 beneficium
894 1480 1104 1577 praecedant
1115 1504 1199 1576 pre-

160 1617 231 1681 ces,
242 1595 443 1687 gratiarum
457 1596 619 1667 actiones
633 1607 851 1691 sequantur;
870 1619 954 1667 cum
966 1605 1042 1667 tam
1055 1595 1197 1683 harum

161 1731 270 1801 quam
288 1708 431 1780 illarum
451 1709 531 1780 finis
551 1710 680 1782 unicus
698 1722 764 1797 est,
783 1732 926 1804 nempe,
941 1719 983 1781 ut
1003 1707 1198 1781 beneficio-

162 1843 241 1892 rum
260 1833 335 1892 tam
353 1821 621 1917 praeteritorum
647 1847 756 1918 quam
773 1821 980 1894 futurorum
997 1821 1116 1893 Deum
1134 1845 1199 1892 au-

162 1934 303 2006 thorem
322 1958 400 2006 esse
417 1959 668 2029 agnoscamus,
711 1935 836 2008 Tertio
850 1936 944 2020 loco,
959 1935 1068 2022 dona,
1081 1934 1120 2006 id
1131 1945 1198 2024 est,

162 2047 355 2141 sacrificia
374 2058 411 2120 et
428 2048 646 2137 oblationes,
665 2049 695 2121 si
713 2048 750 2119 in
765 2072 831 2119 suo
849 2071 984 2142 genere
1002 2066 1085 2120 sunt
1104 2047 1199 2143 opti-

163 2184 234 2246 ma,
249 2162 353 2256 signa
369 2162 518 2234 honoris
535 2174 630 2249 sunt,
645 2174 682 2233 et
700 2162 819 2234 cultus
833 2160 947 2232 divini
960 2184 1045 2257 pars
1062 2161 1200 2233 ration-

163 2273 241 2345 alis.
294 2275 448 2363 Quarto,
477 2276 621 2370 signum
644 2275 792 2348 honoris
819 2275 897 2347 Deo
921 2273 1115 2347 exhibendi
1133 2283 1200 2360 est,

164 2411 233 2457 non
251 2388 391 2480 jurare
408 2389 482 2459 nial
495 2413 571 2484 per
588 2388 733 2470 Dauom
759 2388 861 2459 illum
879 2388 975 2459 enim
993 2386 1109 2460 solum
1121 2409 1200 2459 esse

164 2512 405 2572 scrutatorem
420 2501 595 2590 cordium,
610 2500 768 2596 jurando
786 2503 1012 2574 confitemur.
1050 2500 1201 2587 Quinto,

164 2636 246 2707 pars
262 2612 381 2684 cultus
403 2613 592 2686 rationalis
610 2627 677 2702 est,
696 2614 741 2685 de
758 2614 837 2686 Deo
855 2638 930 2686 non
948 2614 1018 2685 nisi
1035 2613 1201 2686 conside-

164 2737 241 2797 rate
259 2726 380 2820 loqui;
407 2727 551 2821 signum
579 2729 675 2799 enim
701 2740 757 2799 est
783 2728 935 2816 timoriS,
954 2739 990 2801 et
1008 2728 1118 2800 timor
1134 2751 1202 2822 po-

164 2840 288 2911 tentiae
317 2840 448 2912 divinae
480 2840 674 2913 confessio.
737 2842 881 2913 Nomen
913 2864 1000 2937 ergo
1027 2842 1096 2914 Dei
1126 2865 1202 2913 non

166 2962 302 3023 temere
330 2952 578 3047 usurpandum
597 2966 662 3042 est,
680 2976 799 3048 neque
816 2952 894 3025 sine
913 2978 1023 3025 causa
1040 2977 1202 3026 necessa·

165 3065 240 3146 ria;
258 3090 401 3162 nempe,
416 3066 512 3137 inter
526 3067 623 3140 cives
634 3066 681 3138 ad
695 3066 953 3138 certitudinem
967 3067 1201 3162 judiciorum,

165 3193 229 3249 aut
246 3180 343 3251 inter
358 3192 486 3275 gentes
504 3181 552 3252 ad
570 3181 740 3253 evitanda
756 3180 862 3253 bella.
913 3181 969 3253 De
986 3191 1119 3253 natura
1139 3203 1204 3250 au·

167 3303 240 3363 tem
256 3292 380 3364 divina
394 3293 591 3390 disputare,
602 3294 734 3367 honori
748 3295 826 3366 Deo
841 3293 964 3367 debito
980 3293 1205 3367 contrarium

166 3417 220 3476 est
235 3436 244 3485 ;
272 3407 488 3501 supponitur
499 3407 596 3479 enim
612 3407 657 3478 de
675 3431 788 3501 regno
800 3407 866 3478 Dei
882 3407 966 3479 sciri
983 3407 1073 3479 nihil
1085 3428 1204 3502 posse,

165 3518 234 3589 nisi
264 3543 329 3614 per
356 3520 535 3592 rationem
564 3521 780 3609 naturalem,
798 3520 838 3591 id
858 3531 924 3606 est,
942 3545 1009 3616 per
1024 3520 1206 3617 principia

165 3632 338 3727 physica;
366 3657 447 3728 quae
478 3646 622 3705 tantum
652 3634 754 3706 abest
780 3645 821 3704 ut
845 3646 1015 3706 naturam
1044 3632 1206 3706 divinam

165 3744 400 3839 patefaciant,
426 3758 534 3818 utne
556 3759 718 3819 nostram
743 3744 890 3842 quidem
907 3759 970 3818 aut
991 3750 1206 3842 cujusquam

167 3859 219 3930 rei
237 3859 397 3931 minimae
415 3871 583 3931 naturam
601 3884 667 3933 nos
685 3859 816 3932 docere
833 3859 986 3954 possint.
1039 3859 1081 3931 ln
1101 3860 1207 3932 attri-

167 3971 265 4044 butis
292 3996 379 4068 ergo
404 3972 536 4046 divinis
561 3974 828 4070 respiciendum
854 3996 929 4045 non
942 3984 997 4044 est
1014 3971 1061 4044 ad
1079 3970 1207 4044 defini·

168 4084 286 4156 tiones
303 4086 574 4175 vocabulorum,
593 4085 657 4158 sed
675 4085 722 4158 ad
740 4109 849 4181 quam
864 4084 1072 4180 significant
1095 4086 1209 4158 hono·

169 4197 217 4268 ris
231 4197 481 4270 intentionem.
510 4200 634 4287 Sext0,
652 4199 690 4271 in
707 4198 991 4295 precationibus,
1006 4199 1208 4294 gratiarum

169 4310 383 4398 actionibus
400 4311 657 4402 oblationibus,
675 4324 713 4384 et
731 4311 917 4385 sacrificiis
940 4310 1124 4385 dictamen
1150 4335 1207 4384 ra·

1314 4550 1424 4710 Γ
