2926 4980
519 345 573 398 DE
595 346 777 400 nomas.

496 752 674 885 ¹cmm*
698 812 780 884 vn.

284 994 332 1044 DE
352 994 578 1046 niscvasuun
596 996 986 1050 DETERMINATIONIBUS.

120 1122 260 1195 Oranus
280 1122 480 1212 discursuS,
493 1123 524 1196 si
541 1147 564 1195 a
580 1124 779 1220 cupiditate
794 1122 1014 1219 cognitionis
1030 1124 1163 1220 guber·
1199 1135 1276 1186 CAP·
1290 1137 1351 1186 Vll·

120 1247 240 1324 uetur,
250 1236 311 1309 vel
327 1235 367 1310 in
385 1236 581 1333 adeptione
599 1237 817 1310 terminatur
830 1236 888 1311 vel
901 1235 940 1309 in
952 1236 1161 1332 rejectione.
1177 1219 1360 1322 affl,

122 1348 233 1423 Quod
250 1350 282 1422 si
299 1350 568 1444 cogitationum
594 1351 706 1424 series
733 1374 800 1446 pro
828 1360 992 1447 tempore
1017 1343 1359 1452 tantumssffimimfiffl·

119 1461 424 1558 interrumpatur,
441 1487 519 1536 non
538 1462 621 1536 ideo
640 1463 881 1536 determinata
899 1458 1053 1534 dicenda
1070 1473 1136 1536 est.

171 1576 210 1649 Si
228 1576 415 1650 discursus
428 1577 468 1649 in
481 1576 566 1650 solis
582 1579 648 1650 fiat
662 1575 957 1672 cogitationibus,
970 1588 1058 1647 tunc
1076 1599 1162 1648 con-

121 1689 218 1762 sistit
234 1690 274 1761 in
287 1689 586 1787 cogitationibus,
601 1689 702 1788 qaod
713 1689 789 1785 fiet
805 1688 863 1760 vel
881 1687 983 1786 quod
997 1689 1162 1782 nausiet,

121 1803 178 1874 vel
196 1803 300 1900 quod
312 1801 402 1900 suit
419 1804 477 1875 vel
495 1803 598 1901 quod
615 1826 686 1874 non
702 1801 802 1899 fait,
821 1800 981 1873 alternis,
1034 1801 1163 1898 ltaque

120 1917 330 2012 ubicunque
341 1916 526 1989 discursus
541 1915 686 2004 desinit,
698 1914 917 2011 relinquitur
927 1916 1163 2010 praesumptio

122 2028 221 2126 quod
238 2030 315 2101 erit
332 2030 391 2101 vel
408 2053 480 2103 raon
496 2029 582 2117 erit,
593 2028 651 2100 vel
663 2027 752 2126 fait
771 2027 827 2099 vel
845 2027 1017 2125 nonfuit.
1070 2029 1163 2103 Quae

121 2139 378 2215 determinatio
405 2140 608 2237 appellatur
625 2139 762 2239 opinio.
815 2141 938 2236 Atque
956 2140 994 2213 id
1011 2140 1111 2236 quod
1123 2142 1161 2214 in

121 2254 357 2327 deliberando
376 2253 423 2326 de
441 2254 537 2326 bono
550 2266 588 2326 et
598 2253 706 2343 malo,
722 2253 905 2350 appetitus
918 2264 974 2325 est
988 2254 1161 2344 alternus,

121 2368 159 2440 in
186 2366 426 2463 inquisitione
449 2365 613 2439 veritatis
639 2365 729 2440 facti
751 2366 929 2462 praeteriti
951 2366 1010 2438 vel
1036 2366 1161 2456 futuri,

124 2493 178 2554 est
205 2481 350 2554 alterna
378 2478 516 2577 opinio.
569 2480 672 2552 Sicut
689 2489 811 2552 autem
825 2480 862 2551 in
887 2478 1161 2570 deliberatione,

124 2595 305 2691 appetitus
333 2592 485 2666 ultimus
514 2604 569 2666 est
595 2593 766 2666 voluntas
778 2621 792 2676 ,·
819 2593 871 2665 ita
894 2593 932 2665 in
961 2594 1162 2688 quaestione

122 2708 300 2804 praeteriti
314 2707 375 2780 vel
391 2706 518 2796 futuri,
537 2706 662 2805 opinio
680 2706 809 2779 ultima
826 2717 882 2778 est
890 2706 1075 2801 judicium
1088 2708 1163 2781 sive

123 2821 310 2894 enitentia
326 2819 477 2917 finalis.
529 2821 577 2893 Et
595 2820 689 2893 sicut
706 2831 786 2893 tota
804 2821 916 2893 series
934 2821 1164 2916 appetituum

124 2933 350 3007 alternorum
364 2933 403 3006 in
421 2934 621 3030 quaestione
638 2933 726 3007 boni
742 2935 802 3007 vel
824 2934 922 3024 mali,
941 2934 1164 3008 deliberatio

125 3045 281 3131 dicitur;
306 3046 360 3119 ita
388 3045 426 3118 in
455 3047 655 3142 quaestione
672 3046 748 3119 veri
765 3046 822 3119 vel
839 3046 921 3121 falsi
947 3048 1058 3122 series
1084 3060 1165 3122 tota

126 3160 340 3255 opinionum
357 3159 580 3233 alternarum
599 3159 734 3233 dicitur
747 3158 940 3234 dubitatio.

175 3273 368 3346 Discursus
391 3273 512 3347 nullus
529 3272 568 3346 in
586 3275 794 3370 cognitione
810 3273 974 3370 perfecta
987 3274 1164 3370 praeteriti

128 3385 183 3456 vel
210 3385 327 3458 futuri
354 3386 552 3458 terminare
578 3397 712 3482 potest.
765 3385 862 3458 Nam
887 3386 1049 3483 cognitio
1075 3384 1163 3456 facti

128 3497 351 3594 originaliter
368 3499 486 3571 sensio
500 3511 567 3587 est,
580 3509 618 3571 et
629 3498 761 3572 deinde
778 3499 963 3572 memoria.
1015 3499 1063 3569 Et
1078 3521 1164 3593 cog-

127 3611 217 3684 nitio
242 3612 599 3709 consequentiarum,
618 3637 710 3709 quae,
728 3624 771 3685 ut
794 3625 879 3685 ante
907 3612 994 3696 dixi,
1013 3610 1165 3684 scientia

127 3725 341 3821 appellatur,
369 3725 523 3798 scientia
547 3725 714 3799 absoluta
736 3749 810 3798 non
838 3736 904 3815 est,
929 3724 995 3796 sed
1022 3735 1165 3797 tantum

126 3837 393 3910 conditionalis.
444 3837 564 3911 Nemo
589 3863 655 3935 per
685 3839 888 3912 discursum
921 3837 1014 3910 scire
1044 3850 1167 3934 potest

126 3950 195 4022 hoc
220 3950 281 4023 uel
304 3950 405 4023 illud
430 3975 524 4040 ease,
540 3950 686 4049 fuisse,
714 3951 774 4024 cel
787 3951 966 4049 futuram
993 3975 1101 4034 esse;
1129 3951 1166 4023 id

127 4063 227 4160 quod
254 4078 310 4136 est
338 4062 500 4160 perfecte
527 4064 641 4137 scire:
669 4065 735 4138 sed
762 4076 918 4151 tantum,
946 4063 980 4134 si
1006 4062 1075 4135 hoc
1102 4065 1165 4151 sit,

126 4187 201 4250 tam
220 4175 319 4248 illud
333 4185 390 4248 est
400 4204 415 4258 ;
440 4175 476 4249 ai
498 4176 567 4249 hoc
583 4177 683 4275 fuit,
708 4187 783 4250 tum
794 4177 884 4275 fait
902 4175 1000 4249 illud
1008 4203 1023 4260 ;
1049 4176 1083 4247 ai
1099 4175 1168 4247 hoc

126 4289 214 4377 erit,
232 4298 307 4361 tum
324 4287 423 4362 illud
437 4289 538 4370 erit;
564 4288 603 4362 id
628 4288 726 4384 quod
753 4301 808 4362 est
832 4288 925 4362 scire
943 4288 1167 4362 conditiona-

1009 4421 1067 4474 aa
