2926 4980
318 375 372 427 na
392 374 587 427 civmnna
608 374 876 427 cumanum.
1045 361 1117 427 369

73 566 162 640 ergo
190 543 444 638 pronuntiavit
475 542 620 628 Paulus,
651 543 717 616 sed
745 555 939 640 postquam
969 567 1117 617 causam
1141 576 1220 626 cip,
1233 577 1319 627 xm,

74 657 309 753 cognovisset
334 657 583 753 congregatio.
636 657 777 731 Eodem
805 658 925 754 capite
946 658 1056 750 (vers.
1075 662 1117 729 9-
1155 659 1305 779 „We

79 771 157 862 12):
194 768 347 868 Scripsi
364 770 468 843 cobis
487 770 525 842 in
543 770 722 867 epistole,
741 797 787 843 ne
805 770 1117 844 commisceamini
1155 783 1309 845 „musea

57 882 325 981 fornicariis:
361 908 433 956 nori
456 883 584 980 utique
597 882 836 979 fornicariis
853 883 963 978 liujus
979 883 1117 971 arcodi,

73 1006 140 1070 cut
158 996 300 1086 araris,
316 1006 382 1069 aut
395 995 614 1094 rapacibus,
629 1005 695 1068 cut
712 995 827 1069 idolis
843 994 1089 1068 servientibus
1104 1025 1117 1069 .·

73 1108 241 1206 alioquin
267 1109 484 1183 debueratis
515 1109 562 1182 de
591 1108 660 1181 hoc
681 1109 814 1183 mundo
838 1108 989 1182 exiisse.
1042 1107 1121 1182 Sec

72 1223 215 1319 scripsi
238 1222 341 1296 robis
371 1248 442 1296 nore
474 1221 702 1296 commisceri
715 1249 730 1304 ,·
756 1222 791 1293 si
821 1221 867 1311 ie,
895 1222 957 1317 qui
976 1221 1118 1318 frater

72 1335 282 1409 cominatur
314 1337 414 1410 inter
443 1361 519 1422 cos,
543 1345 602 1409 est
617 1335 857 1433 fornicator,
877 1345 943 1408 out
966 1360 1117 1427 avarus,

73 1457 141 1521 cut
168 1448 283 1521 idolis
313 1449 491 1539 cerciores,
519 1458 586 1522 ort
613 1448 830 1538 maledicos,
848 1459 915 1522 aut
937 1448 1117 1538 ebriosus,

72 1571 141 1635 aut
158 1585 297 1660 repar,
316 1588 395 1635 cum
406 1563 586 1659 ejusmodi
599 1588 666 1635 nec
683 1561 802 1635 eibum
819 1586 975 1636 sumere.
1017 1563 1122 1649 Quiri

72 1674 169 1747 erim
187 1676 277 1748 milri
294 1676 342 1749 de
360 1676 420 1766 iis,
438 1676 616 1773 quiforis
632 1686 730 1764 sunt,
740 1676 954 1772 judicare?
984 1676 1119 1750 Nonne

75 1787 122 1860 de
140 1789 201 1876 iis,
216 1790 280 1885 qui
293 1791 393 1863 irtus
406 1800 503 1880 scut,
521 1790 815 1884 resjudieatis?
868 1790 1043 1862 Videmus
1057 1790 1118 1863 hic

73 1902 293 1975 sententiam
318 1903 466 1999 quidem
490 1928 512 1976 a
540 1904 652 1976 Paulo
683 1904 986 1999 pronuntiatam;
1021 1903 1118 1999 judi-

74 2038 175 2088 casse
206 2027 330 2088 autem
360 2016 697 2113 congregationem.
750 2017 873 2112 Atque
898 2016 952 2088 ita
969 2015 1117 2111 quidem

73 2151 133 2201 res
151 2152 190 2201 se
211 2128 341 2201 habuit
358 2140 444 2201 ante
462 2128 738 2202 conversionem
756 2153 896 2224 regum,
925 2141 963 2202 et
991 2152 1118 2203 eorum

75 2241 137 2337 qui
164 2265 345 2315 summam
368 2242 529 2314 habuere
555 2241 592 2313 in
620 2240 831 2315 civitatibus
854 2240 929 2316 suis
956 2253 1117 2338 potesta·

74 2366 162 2427 tem.

126 2468 213 2540 Pars
229 2467 311 2540 haee
328 2467 518 2563 potestatis
543 2467 801 2542 ecclesiasticae
825 2470 1118 2543 excommunica-

73 2580 127 2654 tio
142 2579 290 2669 dicitur,
304 2596 343 2653 et
353 2580 610 2679 ἀποσυνάγωγοι)
622 2595 736 2665 ποιὲιν;
755 2594 793 2655 et
804 2581 897 2656 ritus
911 2596 991 2656 erat
1005 2583 1115 2656 etialtl

74 2719 97 2766 a
112 2692 252 2768 Judaeis
270 2694 447 2778 usitatus;
480 2693 544 2766 sed
567 2706 609 2766 ut
632 2693 789 2784 videtur,
816 2708 902 2792 post
924 2697 1117 2793 captivita-

73 2819 149 2881 tem
180 2807 465 2904 Babylonicam;
505 2832 591 2879 nam
619 2832 694 2880 non
728 2809 883 2905 legimus
910 2835 1118 2907 quenquam

75 2934 159 2995 ante
191 2920 230 2994 id
261 2935 405 3017 tempus
440 2921 619 2994 doctrinae
654 2947 765 2996 causa
798 2927 957 3020 ejectum
988 2948 1067 2998 esse
1098 2949 1118 2996 e

74 3058 273 3132 synagoga,
292 3060 410 3132 neque
438 3034 550 3107 etiam
581 3034 617 3107 in
645 3036 882 3112 Testamento
906 3039 1026 3127 Novo,
1054 3038 1119 3110 sed

76 3149 333 3222 tantummodo
350 3174 418 3245 pro
437 3148 540 3221 malis
568 3150 732 3223 moribus
761 3151 799 3223 in
827 3151 1041 3224 scandalum
1059 3176 1118 3224 ec-

75 3263 206 3336 clesiae.

124 3373 524 3448 Exeommunicationis
542 3401 629 3450 usus
647 3387 684 3448 et
701 3378 863 3467 effectus,
881 3392 1079 3475 antequam
1096 3404 1120 3451 a

75 3501 260 3584 potestate
274 3486 373 3559 civili
383 3488 458 3560 vim
477 3502 682 3585 acceperat,
697 3490 878 3564 aliusnon
897 3506 989 3582 erat,
1008 3516 1118 3588 quam

75 3612 117 3675 ut
134 3601 472 3675 excommunicatus
489 3627 512 3675 a
528 3627 604 3676 non
622 3604 949 3677 excommnnicatis
973 3605 1119 3702 fugien-

75 3714 143 3788 dus
157 3726 263 3788 esset.
318 3715 371 3787 Ut
396 3740 464 3811 pro
493 3716 642 3789 ethnico
660 3717 867 3807 haberetur,
887 3718 950 3814 qui
969 3718 1121 3792 Christi·

74 3852 166 3903 anus
184 3852 375 3924 nunquam
397 3829 529 3917 fuerat,
548 3854 623 3903 non
651 3832 815 3914 suffecit;
843 3855 927 3903 cum
946 3831 1002 3903 his
1021 3833 1119 3905 enim

74 3942 197 4015 cibum
229 3965 373 4015 sumere
399 3942 527 4025 licuit;
555 3967 639 4015 cum
667 3942 876 4017 Christiano
903 3967 978 4016 non
1003 3944 1118 4033 licuit,

74 4068 117 4129 ut
134 4055 246 4129 Paulo
264 4065 350 4127 ante
368 4066 557 4128 ostensum
580 4067 636 4128 est
654 4079 699 4128 ex
723 4065 735 4128 l
760 4055 843 4128 Cor.
863 4082 897 4128 v.
915 4065 951 4145 9,
972 4066 1028 4145 10,
1048 4071 1118 4131 ete.

125 4169 178 4241 Ut
196 4184 319 4242 autem
337 4168 419 4241 illos
437 4193 482 4240 ex
500 4169 656 4242 coetibus
675 4173 749 4243 suis
766 4181 830 4243 aut
843 4171 1038 4267 synagogis
1057 4196 1119 4245 ex-

73 4281 278 4368 cluderent,
298 4283 372 4377 jus,
390 4281 500 4354 nisio
526 4280 677 4356 domino
704 4283 774 4356 loci
799 4307 1024 4375 eoncessum,
1043 4286 1118 4359 sivo

176 4418 269 4470 vot.
287 4418 350 4468 111.
951 4420 975 4470 B
992 4421 1016 4471 B
