2926 4980
346 369 400 419 on
420 367 616 420 crvrrnra
636 366 905 420 caniseiane.
1075 351 1146 417 399

102 535 247 631 publice
274 560 495 631 cognoscere
521 549 558 609 et
584 537 768 625 decidere,
786 561 861 610 non
887 535 1029 607 minore
1051 536 1147 629 jure,
1171 565 1346 617 ennxnn.

104 673 214 745 qnam
233 649 296 744 qui
313 649 351 723 id
368 674 434 746 per
451 651 564 746 ipsius
587 649 729 723 faciunt
751 649 1013 723 authoritatem
1030 679 1039 732 ;
1076 646 1147 720 nisi
1184 649 1332 771 m

104 762 203 858 quod
229 787 317 835 cura
343 763 552 858 reipublicae
580 775 730 859 cogeret
746 761 996 858 gubernaculo
1013 759 1147 833 indesi·
1183 778 1338 824 occiduus

104 889 236 949 neuter
253 876 355 949 illum
373 877 545 967 assidere,
562 901 653 950 cura
677 900 801 949 rerum
827 875 1044 972 exiguarum
1065 873 1146 946 aliis

103 989 308 1062 commissa.
362 990 539 1063 Similiter
574 991 747 1063 Servator
781 1000 920 1077 noster,
949 987 1013 1084 qui
1047 997 1147 1060 certe

103 1103 291 1198 baptizare
310 1103 443 1197 potuit,
461 1102 646 1176 neminem
671 1102 874 1198 baptizavit
895 1102 931 1196 (J
934 1101 993 1173 oh.
1012 1099 1060 1173 iv.
1079 1102 1118 1194 2)
1135 1131 1144 1184 ;

103 1215 168 1288 sed
184 1216 340 1310 apostoli
358 1216 436 1310 ejus
454 1229 491 1288 et
509 1215 679 1312 discipuli
695 1215 791 1288 illius
816 1214 1039 1288 authoritate
1057 1213 1147 1309 bap-

104 1329 277 1402 tizarunt.
330 1330 388 1401 Ita
405 1329 516 1401 etiam
535 1330 573 1401 S.
592 1329 745 1402 Paulum
761 1329 800 1401 in
819 1328 970 1401 diversis
996 1337 1033 1399 et
1055 1326 1148 1398 mul-

103 1454 182 1516 tum
206 1441 344 1515 dissitis
363 1440 455 1515 iocis
480 1442 706 1537 praedicandi
728 1442 927 1515 necessitas
944 1464 968 1513 a
983 1439 1148 1536 baptiza

104 1556 204 1629 tione
221 1554 406 1651 frequenti
424 1556 624 1628 excusavit.
651 1554 750 1628 Cura
763 1555 860 1628 enim
875 1555 1004 1650 maj0r,
1015 1576 1148 1648 nempe

104 1667 267 1741 ecclesiae
284 1667 516 1763 gubernatio,
534 1692 557 1741 a
580 1668 679 1740 curis
697 1667 900 1740 minoribus
917 1665 1148 1739 vacationem

103 1781 278 1877 postulat.
311 1782 431 1854 Causa
448 1805 536 1878 ergo
554 1780 700 1855 reddita
717 1794 784 1869 est,
804 1781 1043 1876 quamobrem
1060 1780 1149 1875 bap·

104 1893 219 1966 tizare
232 1918 307 1966 non
321 1893 464 1967 soleant
476 1918 581 1991 reges
597 1894 808 1981 Christiani,
820 1895 994 1966 nimirum
1008 1892 1149 1980 cadem,

103 2019 254 2103 propter
277 2032 387 2103 quam
415 2009 523 2081 hodie
545 2032 681 2104 paucos
712 2008 903 2104 baptizant
921 2005 1094 2101 episcopi,
1112 2016 1150 2078 et

105 2121 203 2216 Papa
220 2121 423 2216 pauciores

154 2234 210 2306 De
223 2257 398 2305 manuum
412 2232 660 2329 impositione,
672 2245 854 2328 quatenus
872 2257 916 2305 ea
933 2231 1092 2327 regibuS,
1109 2242 1151 2304 ut

103 2346 292 2442 baptizent
313 2359 612 2442 consecrentque,
631 2346 836 2420 necessaria
865 2346 926 2435 sit,
949 2343 1001 2417 sic
1031 2345 1152 2418 consi-

107 2459 325 2533 derabimus.

155 2573 372 2647 Ceremonia
388 2572 645 2668 antiquissima
661 2572 760 2668 apud
776 2571 926 2646 Judaeos
952 2587 1043 2665 erat,
1071 2588 1151 2648 tum

104 2688 252 2784 publice
266 2700 346 2760 tum
359 2686 543 2783 privatim,
555 2686 739 2782 impositio
753 2711 945 2773 manuum;
962 2714 1029 2786 per
1041 2714 1151 2786 quam

107 2801 368 2897 designabatur
386 2800 724 2896 ostendebaturque
741 2824 911 2897 persona,
929 2803 987 2876 vel
1004 2804 1076 2876 alia
1092 2828 1151 2879 res

106 2938 346 3010 quaecunque,
358 2916 455 2987 inter
465 2914 702 3010 precandum,
718 2915 1023 3009 benedicendum,
1041 2918 1152 2992 sacri·

104 3028 302 3116 ficandum,
318 3027 638 3100 condemnandum
665 3027 723 3100 vel
754 3028 1013 3124 alloquendum
1043 3031 1150 3104 intel-

104 3141 264 3238 ligenda.
317 3141 376 3214 Ita
396 3140 503 3230 (Gen.
517 3140 630 3212 xlviii.
648 3141 708 3234 14)
727 3140 843 3214 Jacob
860 3144 1049 3218 benedixit
1066 3144 1151 3217 filiis

104 3255 254 3350 Joseph,
272 3254 477 3326 extendens
492 3253 665 3325 dextram
683 3279 786 3326 auena
804 3265 845 3327 ut
864 3256 1069 3354 imponeret
1086 3284 1150 3330 cu·

99 3368 180 3464 piti
197 3367 414 3464 Ephraimi,
432 3367 612 3463 (quamvis
625 3379 721 3441 esset
737 3369 888 3462 minor),
906 3380 943 3442 et
956 3371 1151 3444 sinistram

105 3504 209 3552 auem
223 3481 346 3577 cupiti
360 3481 570 3554 Manuaria.
627 3482 750 3577 Atque
766 3481 838 3554 hoc
855 3483 974 3556 sciens
991 3483 1090 3573 fecit,
1108 3496 1152 3556 ut

106 3592 403 3667 benedictionem
417 3596 593 3690 majorem
607 3593 799 3690 designare
813 3619 851 3667 se
869 3596 1014 3686 minori,
1030 3609 1152 3669 astan-

106 3707 206 3779 tibus
222 3706 445 3779 ostenderet.
503 3706 562 3779 Ita
579 3707 690 3779 etiam
713 3708 900 3781 Aaronem
913 3709 1019 3805 jubet
1038 3710 1150 3799 DeuS,

108 3818 239 3911 (Exod.
257 3821 356 3892 xxix.
380 3821 455 3914 10),
473 3845 601 3892 menes
624 3846 714 3893 euos
733 3821 922 3918 imponere
944 3823 1068 3919 capiti
1087 3825 1152 3919 ju·

104 3934 235 4016 aeaeis
254 3946 291 4006 et
309 3957 435 4006 rursus
449 3934 557 4025 (vers.
577 3937 646 4027 15),
662 3958 803 4005 menum
822 3935 1011 4031 imponere
1028 3937 1152 4035 capiti

104 4046 252 4119 arietis.
278 4047 400 4119 Etiam
415 4047 538 4119 Moses
552 4071 637 4120 cum
651 4047 781 4120 ducem
795 4047 1044 4122 Israelitarum
1062 4074 1152 4122 con·

104 4161 284 4247 stitueret,
316 4161 444 4254 (Num.
464 4161 574 4233 xxvii.
594 4162 674 4253 23),
702 4160 892 4258 imponens
915 4186 1044 4236 manua
1062 4187 1152 4235 reae

104 4272 176 4366 illi,
190 4275 380 4348 mendatis
395 4273 599 4357 instrum&
614 4273 750 4371 populo
767 4275 976 4366 ostendens,
995 4276 1076 4372 quis
1094 4299 1151 4350 es·
