2926 4980
53 336 103 403 46
441 346 496 402 nn
515 350 698 404 uonrua.

105 516 238 593 luania
250 516 392 616 gloria,
406 540 490 613 quae
502 518 670 592 consistit
685 519 725 591 in
737 519 826 591 ficta
837 520 1087 616 suppositione

12 636 15 650 '
58 632 232 707 virtutum
257 653 348 727 quas
376 632 482 704 nobis
510 631 646 706 scimus
677 656 754 706 non
782 633 913 722 inesse,
939 636 1089 732 propria

12 720 132 823 isere
159 755 215 819 cst
238 746 427 840 juvenum,
458 746 642 843 aliturque
668 770 692 820 a
717 770 841 820 rerum
871 771 1088 845 magnarum

12 844 36 883 ²
56 859 215 935 historiis
225 858 284 930 vel
297 859 602 933 enarrationibus
613 860 730 944 fictis;
757 860 954 956 corrigitur
965 873 1090 936 autem

56 996 188 1070 magno
203 994 249 1044 ex
264 981 370 1068 parte
386 983 496 1045 aetate
513 985 552 1045 et
568 973 736 1068 negotiis.

105 1084 282 1160 Gloriatio
309 1085 432 1159 subita
462 1086 585 1182 passio
618 1085 681 1159 illa
714 1097 782 1175 est,
811 1111 894 1183 quae
919 1087 1091 1183 producit

56 1199 172 1273 risam
181 1227 196 1284 ;
220 1200 334 1273 habet
346 1210 471 1273 autem
482 1223 673 1296 procausa
684 1200 742 1272 vel
759 1201 916 1274 subitam
929 1201 1091 1298 aliquam

56 1315 240 1390 actionem
267 1313 452 1410 propriam
487 1313 525 1385 in
559 1336 643 1410 qua,
679 1314 741 1409 qui
774 1337 856 1387 eam
887 1313 988 1403 fecit,
1022 1314 1091 1387 sibi

56 1428 189 1526 placet,
205 1424 265 1498 vel
286 1435 504 1520 conceptum
526 1425 766 1523 turpitudinis
792 1426 851 1499 vel
870 1426 960 1500 facti
983 1426 1092 1500 alieni

56 1540 230 1628 indecori,
261 1538 533 1634 comparatione
563 1541 666 1635 cujus
701 1539 822 1612 subito
849 1540 994 1613 sibimet
1022 1541 1092 1637 ipsi

57 1652 344 1730 commendatur.
397 1651 589 1748 Contingit
605 1663 729 1727 autem
745 1653 816 1725 hoc
832 1653 904 1726 illis
919 1653 1091 1743 maxime,

56 1768 119 1865 qui
142 1790 227 1841 cum
248 1765 424 1839 viruitum
447 1766 749 1861 paucissimarum
766 1766 903 1839 conscii
919 1767 987 1840 sibi
1005 1767 1091 1857 sint,

55 1884 188 1957 bonam
214 1880 259 1953 de
285 1879 411 1975 seipsis
436 1880 645 1976 opinionem
667 1902 882 1953 conservare
909 1905 984 1953 non
1008 1903 1092 1976 pos·

56 2007 153 2084 sunt,
163 1995 234 2067 nisi
243 1993 474 2066 infirmitates
484 1991 639 2065 aliorum
648 1993 839 2065 hominum
850 1993 1090 2066 observando.

56 2110 186 2204 Itaque
213 2106 350 2179 multus
383 2105 477 2177 risus
511 2105 655 2200 signum
685 2116 741 2178 est
769 2105 1091 2201 pusillanimitatis.

56 2220 181 2295 Animi
199 2219 297 2292 enim
313 2218 438 2313 magni
455 2240 546 2313 opus
558 2218 747 2313 proprium
765 2230 821 2291 est
837 2218 1004 2291 auxiliari
1020 2229 1094 2292 eta

57 2343 274 2431 contemptu
286 2331 376 2404 alios
391 2331 545 2404 liberare
558 2362 567 2415 ;
594 2331 732 2426 seipsos
744 2343 866 2405 autem
880 2356 964 2404 cum
977 2331 1093 2405 maxi-

56 2450 126 2523 mis
141 2446 351 2522 hominibus
368 2445 453 2519 solis
470 2467 693 2541 comparare.

106 2562 256 2648 Contra,
283 2557 458 2632 demonio
488 2556 603 2629 animi
631 2556 757 2629 subito
782 2558 903 2653 passio
931 2570 987 2631 est
1011 2580 1093 2653 quae

55 2674 227 2771 producit
240 2673 378 2767 fletam
389 2698 403 2754 ;
430 2671 533 2765 cujus
556 2693 667 2742 causa
686 2682 772 2744 sunt
797 2670 1003 2744 accidentia
1019 2671 1091 2760 illa,

57 2811 138 2882 quae
155 2809 327 2881 magnam
353 2808 454 2880 spem
479 2783 639 2878 aliquam
656 2785 713 2856 vel
731 2784 906 2880 potentiae
925 2807 1001 2857 suae
1019 2796 1094 2857 sta-

57 2911 184 2971 tumen
201 2896 351 2993 aliquod
373 2897 493 2970 subito
514 2897 681 2969 destruit.
733 2898 850 2971 Fletui
867 2908 991 2971 autem
1008 2898 1093 2971 sub-

54 3011 145 3108 jecti
163 3021 250 3084 sunt
266 3011 318 3082 illi
332 3011 395 3106 qui
411 3010 556 3082 auxiliis
569 3011 730 3084 externis
745 3012 901 3085 maxime
914 3011 1092 3106 indigent,

58 3124 182 3221 quales
197 3133 283 3196 sunt
295 3122 455 3195 foeminae
469 3134 507 3195 et
523 3125 638 3219 pueri.
681 3125 756 3197 Alii
774 3126 895 3220 itaque
909 3127 1092 3222 jacturam

58 3237 196 3310 deflent
217 3236 438 3319 amicorum;
466 3236 527 3308 alii
549 3237 871 3333 ingratitudinem
897 3238 959 3310 alii
982 3237 1092 3310 etiam

56 3352 148 3424 flent
160 3349 305 3447 quando
323 3372 407 3422 cum
424 3349 495 3421 illis
513 3350 767 3439 conciliantur,
782 3362 976 3447 propterea
993 3349 1092 3445 quod

55 3464 141 3538 inde
175 3464 293 3538 oritur
324 3462 496 3536 vindictae
533 3476 688 3564 speratae
722 3465 926 3538 obstructio
960 3462 1091 3536 subita.

58 3579 209 3675 Semper
231 3590 355 3650 autem
381 3586 462 3649 tum
489 3577 595 3668 risus,
622 3591 701 3651 tum
727 3579 835 3651 fletus
859 3588 982 3650 motus
1008 3587 1094 3650 sunt

56 3692 189 3773 subiti;
217 3701 255 3763 et
281 3691 546 3764 consuetudine
570 3692 797 3766 minuuntur.
850 3690 969 3765 Nemo
996 3691 1093 3763 enim

56 3817 120 3879 aut
152 3815 295 3877 veteres
329 3806 432 3900 jocos
470 3804 577 3893 ridet,
617 3815 681 3877 aut
720 3803 947 3878 calamitates
982 3803 1094 3877 deflet

56 3930 209 3991 veteres,

105 4030 219 4104 Dolor
241 4031 301 4103 ille
325 4031 387 4126 qui
408 4031 527 4103 oritur
542 4032 662 4119 abac,
682 4030 781 4127 quod
798 4030 1013 4104 indecorum
1030 4029 1094 4102 ali-

55 4144 156 4238 quod
180 4156 347 4216 nostrum
372 4143 571 4216 admissum
584 4154 767 4240 putamus,
788 4143 918 4240 pudor
935 4142 1091 4226 dicitur;

55 4257 333 4352 ostenditurque
358 4282 424 4353 per
450 4257 751 4331 erubescentiam.
804 4256 928 4329 Passio
950 4253 1030 4327 haec
1052 4253 1091 4325 in
