2926 4980
110 570 306 624 cnmxxvn.

138 653 280 688 b-c-ae

125 710 159 753 De
169 711 262 755 crimini·

123 775 173 826 bus,
181 790 270 820 excrus-

123 839 226 892 tionibus‚
232 847 254 884 et
263 856 298 885 ex·

124 907 292 952 tenuationibua

322 359 397 426 220
698 375 752 428 nn
771 375 976 429 crvrrnrn.

319 537 545 636 principibus
579 538 654 612 suis
681 539 859 636 placuisse
888 563 963 614 non
989 538 1099 612 modo
1124 538 1278 628 licitum,
1296 540 1362 613 sed

321 651 432 723 etiam
458 650 639 724 laudabile
662 652 828 748 plurimis
845 651 1023 741 videatur,
1042 652 1180 724 crimen
1199 652 1268 725 etsi
1286 678 1362 726 non

320 776 526 854 excusetur,
542 776 760 837 extenuatur
778 778 918 850 tamen;
943 766 1028 861 quia
1045 776 1268 838 exoneratur
1285 766 1361 839 cul·

319 901 376 973 pae
403 901 487 972 pars
510 878 549 950 in
566 902 747 950 summum
767 878 1019 973 imperantem,
1038 877 1161 966 idest,
1182 877 1221 949 in
1239 877 1359 973 ipsum

318 990 542 1085 punientem.
596 989 706 1065 Quod
722 1002 845 1064 tamen
862 1016 937 1065 non
955 993 1009 1065 ita
1025 991 1142 1088 accipi
1160 991 1302 1080 vellem,
1317 1005 1360 1064 ut

317 1102 491 1177 vindictae
503 1102 657 1199 privatae
671 1104 940 1177 excusationem
954 1129 1079 1201 parem
1092 1135 1101 1188 ;
1120 1104 1184 1176 sed
1197 1116 1360 1178 rectores

319 1240 486 1289 moneam
513 1241 559 1290 ne
584 1217 682 1290 facto
709 1218 854 1313 oblique
884 1218 1042 1307 faveant,
1069 1218 1128 1289 cui
1155 1217 1294 1291 directe
1321 1229 1360 1291 et

318 1331 452 1425 apertis
469 1331 588 1403 verbis
617 1331 897 1404 interdixerunt.
949 1331 1125 1426 Exempla
1143 1331 1240 1403 enim
1257 1331 1359 1426 prin-

318 1443 441 1539 cipum
471 1455 619 1516 suntet
646 1467 788 1539 semper
813 1444 927 1533 fuere,
957 1444 1006 1517 ad
1031 1444 1194 1515 actiones
1224 1443 1359 1516 civium

318 1557 507 1652 regendas,
525 1558 734 1653 potentiora
751 1582 859 1653 quam
878 1569 963 1630 sunt
986 1559 1075 1653 ipsae
1099 1557 1209 1651 leges,
1263 1557 1358 1629 Rur-

318 1692 389 1757 suS,
407 1670 438 1741 si
465 1669 618 1741 crimina
640 1669 773 1742 damno
801 1693 1065 1766 comparemus
1084 1669 1180 1741 idem
1206 1668 1356 1758 factum,

318 1781 348 1854 si
365 1782 511 1867 multos
524 1781 671 1876 gravius
689 1794 744 1855 est
754 1806 863 1877 quam
878 1783 909 1855 si
925 1806 1063 1878 paucos
1078 1781 1199 1855 laedat.
1228 1783 1357 1877 ltaque

318 1895 348 1967 si
365 1895 505 1967 factum
522 1918 596 1967 non
613 1894 723 1967 modo
742 1895 780 1966 in
797 1895 981 1989 praesenti,
1000 1894 1064 1967 sed
1083 1895 1193 1967 etiam
1210 1918 1276 1990 per
1293 1919 1356 1967 ex-

317 2008 478 2102 emplum
504 2009 543 2081 in
569 2008 693 2081 futuro
718 2018 883 2103 tempore
907 2008 1080 2080 damnum
1097 2008 1219 2097 faciat,
1237 2010 1356 2103 majus

318 2120 456 2192 crimen
469 2135 524 2193 est
535 2145 643 2216 quam
661 2121 692 2193 si
705 2121 743 2192 in
757 2121 929 2216 praesenti
942 2132 1087 2194 tantum
1099 2121 1219 2206 laedat,
1231 2120 1270 2192 id
1287 2132 1354 2208 est,

316 2234 463 2328 gravius
481 2246 535 2306 est
553 2233 690 2306 crimen
707 2234 919 2307 foecundum
937 2260 1047 2329 quam
1065 2234 1199 2307 sterile.

366 2345 560 2418 Doctrinas
590 2347 757 2442 religioni
788 2348 944 2420 civitatis
976 2347 1179 2420 contrarias
1210 2347 1353 2438 docere,

316 2459 454 2531 crimen
483 2461 600 2555 majus
632 2474 687 2532 est
717 2462 755 2532 in
782 2460 932 2533 doctore
958 2461 1103 2555 publice
1138 2462 1354 2551 constituto,

315 2597 425 2668 quam
443 2573 481 2644 in
498 2573 576 2645 cive
593 2573 736 2669 privato
750 2605 759 2657 ;
787 2574 882 2645 sicut
896 2574 1006 2646 etiam
1017 2574 1206 2646 inhoneste
1220 2573 1354 2663 vivere,

314 2698 379 2757 aut
392 2686 574 2758 actionem
592 2709 700 2781 agere
715 2685 862 2780 impiam
874 2710 1138 2782 quamcunque.
1167 2687 1354 2777 Similiter,

315 2797 352 2869 in
368 2800 575 2893 professore
592 2800 725 2894 legum,
744 2799 920 2872 doctrinae
938 2801 1054 2872 civilis
1076 2800 1270 2872 articulum
1288 2801 1352 2872 ali-

315 2934 422 3004 quem
441 2913 633 2999 sustinere,
649 2924 712 2983 aut
726 2914 906 2984 actionem
918 2936 1026 3006 agere
1041 2936 1121 3006 quae
1135 2912 1182 2983 ad
1201 2935 1353 2984 summae

313 3025 507 3118 potestatis
538 3025 817 3097 diminutionem
840 3024 968 3111 tendit,
988 3024 1105 3118 majus
1133 3025 1270 3096 crimen
1297 3040 1353 3098 est

314 3160 423 3231 quam
441 3137 472 3209 si
490 3138 586 3209 idem
609 3138 747 3209 factum
771 3150 867 3208 esset
890 3162 912 3208 a
934 3136 1060 3231 quovis
1078 3138 1161 3209 alio.
1214 3139 1352 3232 Hujus-

313 3250 412 3322 modi
431 3252 527 3322 enim
545 3251 710 3323 homines
729 3275 802 3323 non
816 3248 931 3322 solum
945 3250 1100 3322 crimina
1117 3251 1185 3346 ipsi
1200 3251 1351 3342 faciunt,

313 3363 376 3435 sed
394 3364 473 3436 aliis
491 3375 532 3435 ut
548 3363 685 3436 faciant
705 3363 877 3436 authores
891 3375 976 3435 sunt
991 3391 999 3434 :
1018 3364 1110 3436 etin
1130 3364 1349 3453 universum,

312 3487 494 3571 augentur
524 3477 677 3549 crimina
700 3502 723 3550 a
746 3478 930 3550 scandalo.
983 3478 1127 3550 Indocti
1157 3479 1255 3550 enim
1285 3479 1351 3551 ho-

311 3589 440 3677 miues,
468 3590 505 3661 in
532 3591 692 3662 tenebris
720 3592 928 3679 existenteS,
952 3614 1026 3662 non
1055 3602 1129 3663 tam
1154 3591 1251 3663 viam
1278 3617 1351 3688 qua

312 3703 505 3790 inceditur,
528 3727 636 3798 quam
666 3704 800 3792 lumen,
829 3705 927 3800 quod
951 3704 1153 3800 praeferunt
1179 3706 1349 3779 doctores

313 3816 379 3903 sui,
399 3827 577 3910 spectant.

372 3930 483 4001 Facta
516 3928 664 4001 hostilia
693 3941 821 4001 contra
847 3939 984 4001 statum
1010 3929 1180 4019 civitatis
1209 3934 1350 4027 majora

312 4053 397 4113 sunt
416 4042 569 4113 crimina
582 4066 691 4137 quam
705 4066 786 4136 quae
803 4042 1005 4116 factasunt
1023 4054 1151 4114 contra
1163 4044 1349 4116 hominem

311 4153 504 4247 privatum.
557 4155 739 4226 Damnum
753 4154 851 4225 enim
866 4155 1024 4228 civitatis
1042 4154 1090 4226 ad
1108 4155 1205 4227 cives
1223 4180 1348 4229 omnes

312 4267 532 4341 extenditur.
586 4269 719 4344 Qualia
742 4281 827 4342 sunt
844 4270 1006 4344 locorum
1022 4270 1246 4344 munitorum
1262 4295 1346 4367 pro-
