2926 4980
102 502 180 552 CAP.
192 502 295 552 xvut.

129 584 272 617 ⁸-w-d

103 640 138 684 De
143 640 196 698 jure
206 639 244 683 ha·

100 706 200 749 bantium
210 708 278 762 potes

101 775 168 815 utem
177 783 286 813 mmmmm

101 834 126 878 In
138 835 225 878 civitate
238 848 277 892 per

100 899 266 945 messmam.

319 285 388 351 138
701 303 755 354 na
776 303 984 356 crumina.

313 467 466 542 tendere
493 468 606 541 etiam
637 471 905 543 controversias
935 471 981 543 de
1008 471 1146 545 honore
1171 481 1210 546 et
1226 471 1360 546 ordine

314 581 460 667 civium,
479 592 516 654 et
545 583 740 677 potestatis
769 606 921 657 summae
954 585 1146 658 coercione
1178 583 1355 681 indigere.

314 695 539 768 Necessariae
550 718 639 790 ergo
650 708 737 768 sunt
746 696 994 791 leges,quibus
1006 697 1086 792 quis
1097 698 1226 794 cuique
1236 699 1358 772 honor

313 807 530 882 tribuendus
560 809 607 880 sit
634 808 672 881 in
694 809 949 906 congressibus
975 819 1014 882 et
1034 810 1210 906 alloquiis,
1225 811 1354 885 defini-

313 934 409 996 atur.
444 922 574 1017 Itaque
592 922 806 997 conferendi
821 924 962 1015 titulos,
980 925 1199 1022 ordinesque
1219 926 1355 1001 civium

313 1039 574 1135 distinguendi,
592 1039 756 1137 ejusdem
773 1064 925 1115 summae
941 1043 1136 1137 potcstatis
1149 1044 1209 1138 jus
1226 1054 1293 1118 est.

362 1152 485 1247 Atque
509 1153 589 1226 haec
607 1164 693 1227 sunt
706 1157 792 1250 jura
807 1178 987 1228 summam
1004 1156 1174 1230 habentis
1194 1168 1355 1253 potesta·

312 1276 388 1341 tem
404 1266 641 1362 principalia3
669 1279 709 1340 ut
723 1268 893 1363 ampliter
909 1269 969 1343 hic
983 1268 1271 1343 demonstratum
1284 1283 1354 1360 est,

313 1392 352 1454 et
362 1381 508 1455 brevius
521 1382 764 1455 demonstrari
775 1382 899 1479 potuit
908 1383 1019 1457 unico
1036 1384 1108 1457 hoc
1125 1395 1353 1480 argumento.

311 1495 403 1569 Jura
427 1494 526 1567 enim
551 1496 630 1569 haec
657 1496 780 1568 omnia
806 1495 895 1590 quin
918 1495 1078 1570 civitatis
1104 1496 1189 1585 sint,
1206 1496 1356 1593 negabit

313 1631 432 1681 nemo.
484 1608 622 1682 Civitas
657 1622 780 1681 autem
815 1608 886 1680 nisi
910 1631 978 1704 per
1010 1631 1204 1706 personam
1239 1632 1354 1698 suam,

312 1745 456 1817 nempe,
475 1745 560 1793 eum
577 1722 641 1818 qui
658 1745 836 1794 summam
854 1721 966 1794 habet
982 1733 1214 1819 potestatem,
1235 1744 1355 1820 neque

312 1835 413 1930 loqui
439 1858 556 1930 neque
584 1859 693 1931 agere
726 1845 859 1931 potest.
913 1836 1008 1908 Sunt
1038 1858 1127 1932 ergo
1158 1835 1243 1930 jura
1273 1835 1356 1908 haec

312 1950 437 2023 omnia
453 1949 561 2038 illius,
586 1950 650 2046 qui
675 1950 713 2022 in
739 1948 889 2022 civitate
907 1972 1086 2022 summam
1104 1948 1215 2021 habet
1232 1958 1353 2043 potes-

311 2072 436 2152 tatem,
457 2062 532 2135 sive
550 2063 580 2134 is
596 2062 706 2134 homo
725 2061 784 2149 sit,
798 2061 874 2134 sive
886 2061 1217 2135 coetushominum.
1260 2060 1355 2134 Sunt

305 2189 435 2249 autem
454 2189 492 2249 et
509 2175 581 2248 alia
604 2177 690 2272 jura
715 2175 892 2272 ejusdem,
910 2175 975 2247 sed
998 2173 1153 2263 minora,
1170 2187 1208 2247 et
1230 2173 1268 2246 in
1298 2172 1354 2246 di·

311 2289 426 2362 versis
460 2289 670 2361 civitatibus
701 2288 856 2377 diversa,
888 2288 1019 2384 quibus
1053 2299 1179 2360 tamen
1212 2287 1354 2360 amissis

313 2403 411 2475 cives
434 2400 654 2498 protegendi
684 2400 853 2497 potentia
879 2424 954 2473 non
982 2400 1176 2488 amittitur,
1204 2411 1242 2472 et
1267 2423 1353 2495 quae

312 2514 504 2588 transferri
520 2527 674 2611 possunt
690 2515 737 2587 ad
754 2514 852 2587 cives
869 2514 1044 2610 privatos.
1097 2514 1170 2588 Sed
1180 2514 1254 2603 illa,
1272 2536 1354 2609 quae

312 2628 618 2716 enumeravimus
634 2629 719 2725 jura
734 2629 876 2723 majora
893 2626 1085 2700 transferri
1098 2652 1172 2700 non
1189 2638 1353 2722 possunt.

311 2742 401 2814 Jure
435 2742 533 2813 enim
559 2742 698 2814 militiae
723 2743 868 2830 amisso,
893 2744 954 2837 jus
986 2740 1176 2837 judicandi
1205 2750 1355 2836 propter

312 2854 497 2927 defectum
514 2855 689 2950 potentiae
705 2853 842 2927 frustra
858 2854 940 2927 erit.
991 2855 1081 2927 Jure
1105 2853 1274 2948 exigendi
1290 2877 1355 2948 pe·

313 2968 459 3040 cuniam
475 2968 620 3057 amisso,
636 2968 769 3041 milites
787 2967 877 3040 nulli
888 2979 1009 3041 erunt.
1060 2968 1149 3040 Jure
1163 2967 1355 3062 regulaudi

313 3081 501 3153 doctrinas
513 3081 928 3170 amisso‚animabuntur
941 3080 1040 3153 cives
1055 3080 1296 3176 superstitiosi
1307 3081 1355 3154 ad

313 3194 583 3267 rebellionema
597 3195 670 3267 suis
683 3195 846 3290 ipsorum
856 3193 1071 3290 phantasiis.
1125 3195 1352 3283 Summatim,

312 3306 344 3379 si
367 3308 505 3401 jurium
532 3307 715 3381 dictorum
746 3307 935 3403 quodlibet
960 3332 1074 3380 unum
1093 3307 1201 3396 desit,
1220 3320 1355 3380 caetera

312 3421 507 3494 cessabunt
537 3423 672 3511 omnia,
689 3424 825 3517 fietque
853 3421 983 3495 divisio
1016 3422 1062 3495 de
1092 3445 1166 3517 qua
1186 3420 1354 3495 Christus

311 3534 389 3629 ipse
405 3534 560 3630 loquens
579 3534 684 3625 dixit,
701 3559 859 3633 regnum
877 3534 1033 3607 divisum
1051 3535 1090 3607 iu
1106 3534 1232 3631 scipso
1249 3544 1355 3607 stare

312 3657 531 3744 nonpoteat.
584 3648 666 3721 Nisi
683 3649 781 3721 enim
794 3648 933 3745 jurium
955 3647 1087 3720 horum
1105 3647 1235 3719 divisio
1251 3658 1354 3719 ante-

312 3759 430 3849 cedat,
461 3761 592 3834 divisio
617 3762 744 3858 populi
770 3763 809 3835 in
835 3762 1016 3835 exercitus
1041 3761 1229 3857 oppositos
1255 3761 1355 3833 nulla

313 3875 394 3946 erit.
446 3874 581 3970 Opinio
596 3875 807 3948 docentium
820 3878 906 3973 jura
915 3872 1021 3971 regni
1033 3873 1230 3969 Anglicani
1240 3872 1355 3947 divisa

313 4009 391 4059 esse
405 3988 501 4060 inter
517 4013 654 4085 regem,
672 4012 854 4085 procerae,
873 4000 911 4062 et
936 3999 1075 4061 coetum
1093 3987 1353 4078 communium,

313 4124 423 4172 causa
452 4100 522 4173 fuit
550 4102 636 4175 belli
662 4102 761 4197 quod
779 4114 974 4198 sequutum
993 4115 1050 4175 est
1079 4100 1217 4184 civilis;
1244 4101 1355 4174 etiam

313 4213 580 4309 disputationes
610 4214 655 4288 de
682 4215 945 4310 quaestionibus
973 4214 1133 4312 politicis
1163 4224 1201 4286 et
1217 4213 1354 4287 theolo-
