2926 4980
292 359 338 426 36
680 376 734 429 nn
754 378 936 431 nomme.

122 573 246 626 cino,
340 540 550 638 Utprimo,
579 568 663 618 cum
697 546 848 619 nomina
881 569 1075 642 corporum
1104 546 1237 621 indunt
1262 568 1323 619 ac·

112 655 254 761 Μ
291 656 507 747 sidentibuS,
538 658 597 730 vel
626 659 776 733 nomina
808 659 1055 733 accidentium
1088 659 1321 757 corporibus;

111 781 239 827 0²⁸⁰in
291 770 598 866 quemadmodum
615 773 756 847 faciunt
781 772 845 870 qui
869 773 1008 861 dicunt,
1021 772 1141 868 fidem
1164 796 1247 845 esse
1268 772 1324 844 in-

271 884 420 982 fusum,
450 883 509 958 vel
539 885 791 984 inspiratam
821 910 906 959 cum
936 885 1027 958 nihil
1052 876 1175 982 neque
1192 883 1322 983 fusile

287 996 335 1070 sit
364 1020 483 1093 neque
513 996 698 1095 spirabile
724 1010 858 1095 praeter
885 1021 1048 1096 corpus;
1082 1009 1120 1072 et
1147 996 1321 1094 quemad-

284 1108 436 1182 modum
462 1108 603 1182 faciunt
630 1108 684 1182 illi
713 1110 777 1204 qui
811 1111 1059 1183 extensionem
1089 1110 1218 1184 dicunt
1242 1133 1322 1183 esse

285 1244 432 1318 eorpus,
451 1231 488 1293 et
498 1220 730 1318 phantasma
748 1245 825 1295 esse
842 1222 1029 1322 spiritum,
1048 1234 1117 1297 etc.

337 1333 520 1423 Secundo,
540 1334 687 1429 quando
705 1335 855 1408 nomina
878 1334 1122 1408 accidentium
1139 1359 1219 1431 quae
1236 1346 1323 1409 sunt

284 1445 323 1518 in
357 1447 571 1544 corporibus
607 1459 719 1522 estro
754 1472 833 1538 nos,
867 1449 1119 1523 accidentibus
1154 1450 1323 1524 tribuunt

284 1583 479 1656 corporum
512 1571 735 1635 nostrorum.
787 1562 898 1636 Quod
926 1562 1066 1636 faciunt
1100 1564 1163 1660 qui
1192 1563 1321 1637 dicunt

284 1672 444 1746 colorem
460 1697 543 1746 esse
559 1673 598 1746 in
611 1672 780 1769 objecto;
805 1699 930 1748 sonum
947 1699 1029 1748 esee
1047 1676 1085 1748 in
1102 1700 1205 1767 aere,
1223 1689 1295 1750 eto.

331 1786 468 1874 Terti0,
499 1810 583 1858 eum
613 1810 809 1883 corporum
838 1789 989 1861 nomina
1016 1789 1221 1862 nominibus
1253 1790 1320 1863 tri-

281 1896 400 1970 buunt
432 1899 491 1970 vel
525 1899 758 1973 orationibus
770 1928 783 1983 ,·
813 1912 857 1973 ut
887 1901 950 1997 qui
978 1901 1107 1975 dicunt
1141 1926 1219 1976 esse
1253 1927 1317 1976 res

282 2010 525 2101 uniuersales,
543 2011 601 2084 vel
619 2012 762 2085 animal
776 2037 859 2085 esse
873 2037 1006 2111 genus.

334 2124 489 2213 Quarto,
524 2148 607 2197 eum
645 2125 795 2197 nomina
837 2125 1083 2198 accidentium
1124 2125 1320 2222 imponunt

281 2237 485 2311 nominibus
503 2249 540 2311 et
557 2237 818 2322 orationem
843 2239 966 2335 utqui
988 2238 1115 2312 dicunt
1134 2239 1320 2335 definitio-

281 2375 362 2424 nem
379 2376 461 2423 esse
488 2351 546 2425 rei
571 2361 758 2443 naturam,
785 2352 843 2425 vel
870 2353 1083 2425 mandatum
1112 2354 1320 2452 cujuspiam

281 2464 403 2562 ipsius
420 2490 503 2539 esse
520 2464 756 2538 uoluntatem.

332 2578 484 2671 Quinto,
528 2578 674 2675 quando
707 2589 863 2652 utuntur
894 2578 975 2652 loco
1009 2580 1204 2652 verborum
1237 2604 1320 2677 pro·

281 2693 457 2787 priorum,
501 2692 737 2788 metaphoriS,
780 2691 932 2787 aliisque
974 2691 1090 2788 tropis
1132 2693 1318 2767 orationis,

284 2803 504 2899 Quanquam
530 2805 627 2877 enim
656 2805 777 2895 liceat,
796 2805 952 2901 exempli
969 2829 1088 2895 causa,
1106 2830 1189 2877 oum
1207 2807 1318 2903 vulgo

282 2917 415 3008 dicere,
441 2918 502 2991 oio
520 2917 589 2990 boc
606 2918 664 2991 vel
682 2918 773 2991 illuc
790 2919 911 2991 tendit
928 2918 986 2991 vel
1013 2918 1138 3002 ducit;
1157 2942 1319 3016 procer-

283 3033 379 3106 biam
410 3034 478 3106 boc
512 3034 570 3107 vel
604 3034 703 3108 iltuit
735 3035 858 3119 dicim
895 3035 991 3109 inter
1024 3035 1317 3109 ratiocinandum

279 3159 404 3221 tamen
430 3149 639 3245 hujusmodi
658 3149 855 3238 orationeS,
873 3150 919 3222 ab
937 3149 981 3223 iis
999 3150 1061 3246 qui
1078 3150 1222 3223 veritati
1239 3163 1316 3223 stu-

277 3262 381 3352 dent,
400 3262 638 3336 admittendae
656 3286 729 3335 non
749 3272 844 3335 sunt.

331 3377 455 3465 Sexto,
491 3375 637 3472 quando
671 3375 879 3448 nominibus
907 3387 1044 3449 temere
1071 3376 1227 3472 receptis
1248 3400 1317 3450 nec

275 3490 477 3586 quicquam
493 3489 782 3585 significantibus
798 3500 965 3579 utuntur,
980 3490 1103 3585 quales
1114 3499 1199 3562 sunt
1212 3499 1318 3564 tran-

273 3602 558 3692 substantiatio,
577 3601 925 3690 consubstantiatio,
950 3628 1044 3676 nune
1069 3612 1187 3693 stam,
1219 3603 1319 3676 simi·

279 3718 405 3813 lesque
421 3740 529 3791 voces
546 3716 857 3789 scholasticorum.

331 3829 406 3903 Qui
422 3829 591 3926 scopulos
616 3830 734 3902 vitare
750 3830 818 3902 hos
836 3840 970 3926 potest,
987 3830 1087 3902 haud
1104 3829 1211 3903 facile
1228 3830 1318 3904 inei-

280 3941 344 4014 det
361 3943 398 4015 in
416 3943 625 4032 absurdum,
643 3942 713 4014 nisi
730 3942 825 4014 forte
845 3941 884 4013 in
898 3941 1177 4016 ratiocinatione
1194 3943 1316 4040 longa.

280 4054 455 4128 Oblivisci
470 4056 567 4128 enim
590 4066 713 4151 potest
741 4054 893 4149 alicujus
923 4055 1182 4151 propositionis
1208 4081 1317 4151 quam

279 4168 517 4265 praemiserat.
570 4166 798 4240 Naturaliter
833 4165 930 4239 enim
963 4167 1128 4241 homines
1158 4170 1251 4241 bene
1278 4179 1317 4241 et

272 4264 445 4355 similiter
454 4281 730 4369 ratiocinantur,
748 4279 778 4353 si
795 4280 926 4354 everis
944 4292 982 4353 et
999 4281 1198 4377 perspicuis
1215 4280 1316 4377 prin·
