2926 4980
149 537 230 589 coe.
243 540 278 590 V.

141 621 283 655 *nr-⁴

159 679 192 722 lle
202 681 285 724 rationo

157 752 178 787 er
188 746 284 790 scientia

326 330 373 394 32
719 348 772 400 nn
793 349 975 402 nostran.

396 460 405 485 .

324 511 452 594 totius
467 511 526 583 vel
545 511 735 585 nominum
749 513 864 586 totius
881 525 919 587 et
935 515 1051 610 partis
1067 515 1116 589 ad
1133 539 1266 589 nomen
1284 540 1369 612 par-

325 624 374 696 tis
388 624 551 721 reliquae.
588 626 810 722 Quanquam
828 639 951 700 autem
964 629 1002 701 in
1016 631 1125 702 rebus
1138 630 1368 725 quibusdam,

325 751 368 810 ut
392 738 431 810 in
455 739 629 828 numeriS,
647 740 728 812 aliae
749 741 824 813 sint
850 741 1081 837 operationes
1104 755 1239 838 praeter
1264 742 1369 816 addi-

324 850 463 922 tionem
481 862 519 923 et
532 851 833 941 subtractionem,
846 867 888 926 ut
902 852 1155 950 multiplicatio
1173 869 1209 928 et
1225 856 1368 944 divisio,

325 965 363 1036 iu
395 963 493 1036 idem
520 977 645 1038 tamen
679 965 871 1049 recidunt;
909 990 994 1040 nam
1023 968 1279 1064 multiplicatio
1310 982 1369 1042 est

326 1078 521 1173 aequalium
542 1078 639 1150 inter
665 1102 703 1151 se
728 1078 879 1168 additio,
897 1092 935 1152 et
956 1080 1086 1153 divisio
1103 1081 1201 1156 aliud
1219 1105 1292 1154 non
1312 1096 1369 1155 est

325 1215 435 1286 quam
461 1192 624 1288 ejusdem
650 1192 715 1281 rei,
746 1193 889 1288 quoties
918 1218 1123 1290 possumne,
1152 1195 1367 1269 subtractio.

325 1304 456 1400 Neque
478 1304 639 1377 numeris
663 1305 750 1378 solis
775 1305 1005 1402 operationes
1032 1307 1103 1381 illae
1129 1308 1366 1396 conveniunt,

324 1418 388 1490 sed
406 1418 507 1492 omni
524 1442 648 1491 rerum
663 1420 802 1514 generi,
816 1443 971 1516 quarum
989 1444 1064 1492 una
1081 1421 1188 1494 alteri
1205 1421 1290 1493 addi
1309 1422 1379 1499 vel

323 1531 459 1604 auferri
484 1542 618 1627 potest.
671 1533 775 1605 Sicut
801 1533 899 1605 euim
925 1533 1147 1607 arithmetici
1169 1533 1305 1607 addere
1329 1548 1368 1607 et

324 1645 539 1718 subtrahere
557 1646 677 1718 solent
694 1646 731 1718 in
750 1647 932 1720 numeris:
959 1646 1013 1720 ita
1030 1661 1229 1743 geometrae
1245 1647 1368 1721 facere

324 1759 422 1832 idem
452 1759 587 1832 docent
617 1759 655 1832 in
683 1760 805 1848 lineis,
823 1760 985 1858 figaris,
1014 1761 1179 1859 angulis,
1199 1785 1368 1859 propor-

324 1871 498 1957 tionibus,
517 1872 756 1971 tcmporihna,
773 1873 964 1970 gradibus
978 1874 1204 1964 velocitatis,
1222 1876 1367 1960 cirion,

316 1985 510 2085 potentie,
529 1997 567 2057 et
585 1986 737 2058 caeteris.
790 1985 893 2059 Idem
911 1987 1023 2059 etiam
1041 1987 1151 2084 logici
1168 1988 1311 2061 faciunt
1328 1990 1367 2061 in

323 2098 596 2194 consequentiis
618 2098 824 2187 verboram,
850 2098 1030 2173 addentes
1055 2101 1128 2174 duo
1151 2101 1302 2174 nomina
1319 2100 1368 2173 ad

322 2210 529 2286 faciendam
546 2212 850 2309 propositionem,
869 2223 906 2284 et
923 2213 1015 2286 duas
1032 2216 1301 2310 propositiones
1319 2214 1367 2287 ad

320 2325 530 2399 faciendum
556 2326 818 2423 syllogismum,
847 2337 884 2399 et
910 2326 1034 2422 plures
1062 2328 1292 2424 syllogismos
1318 2328 1366 2400 ad

322 2439 530 2513 faciendam
545 2439 918 2521 demonstrationem
945 2452 983 2513 et
995 2466 1018 2513 a
1031 2465 1175 2514 summa
1188 2441 1264 2514 sive
1277 2465 1366 2514 con-

323 2553 487 2626 clusione
500 2553 699 2650 syllogismi
714 2554 936 2627 subtrahunt
949 2579 1058 2628 unam
1078 2554 1366 2650 propositionem

322 2666 370 2739 ad
388 2666 645 2739 inveniendam
663 2666 828 2740 alteram.
872 2668 993 2740 Etiam
1009 2670 1206 2765 scriptores
1224 2667 1366 2764 politici

322 2779 466 2852 addunt
483 2779 591 2853 simul
607 2779 715 2875 plura
730 2792 840 2876 pacta
857 2781 905 2853 ad
929 2782 1189 2854 inveniendum
1206 2781 1366 2854 hominis

322 2893 504 2977 officium;
536 2903 575 2965 et
601 2893 853 2988 jurisconsulti
885 2893 1027 2969 addunt
1057 2894 1165 2967 simul
1199 2894 1300 2990 leges
1328 2908 1366 2967 et

320 3006 421 3079 facta
442 3005 490 3078 ad
515 3004 774 3078 inveniendum
792 3006 880 3101 quid
899 3006 1003 3080 sitin
1021 3007 1229 3081 actionibus
1247 3007 1365 3079 homi-

322 3144 412 3192 num
433 3118 661 3215 privatorum
683 3121 743 3215 jus
768 3131 806 3192 et
826 3119 970 3214 injuria.
1025 3120 1244 3214 Ubicunque
1262 3119 1364 3192 locus

321 3245 379 3306 est
399 3232 588 3306 additioni
613 3245 652 3307 et
679 3231 940 3322 contractioni,
958 3233 1010 3307 ibi
1037 3234 1149 3306 etiam
1178 3233 1280 3306 locus
1307 3245 1364 3305 est

320 3346 489 3430 rationi‚·
514 3357 552 3418 et
567 3345 632 3418 ubi
648 3344 720 3418 illis
737 3345 839 3419 locus
855 3368 931 3418 non
944 3358 1012 3434 est,
1025 3347 1075 3419 ibi
1094 3368 1214 3440 neque
1228 3345 1364 3418 rationi

318 3460 421 3536 locus
438 3471 505 3533 est.

368 3576 425 3647 Ex
441 3574 497 3658 iis,
516 3597 598 3669 quae
619 3571 720 3645 dicta
743 3585 840 3659 sunt,
863 3570 1047 3644 rationem
1068 3569 1232 3657 definire,
1251 3572 1290 3644 id
1307 3585 1364 3645 est

318 3687 418 3761 vocis
444 3689 534 3783 ejus,
560 3698 742 3782 quatenus
767 3684 923 3757 sumitur
948 3708 1015 3781 pro
1037 3683 1216 3759 facultate
1237 3688 1362 3776 animi,

320 3800 629 3897 significationem
677 3797 923 3870 determinare
969 3821 1175 3893 possumus
1253 3799 1363 3872 Ratio

317 3915 428 4002 enim,
453 3915 525 3987 hoc
550 3937 671 4001 sensu,
698 3910 791 3984 nihil
815 3910 915 3984 aliud
939 3924 996 3983 est
1018 3922 1155 4007 praeter
1172 3922 1363 4011 compnta-

318 4028 453 4102 tionem
470 4027 547 4100 sive
564 4025 791 4099 additionem
809 4036 846 4097 et
863 4024 1153 4098 subtractionem
1171 4025 1362 4098 nominum

316 4141 553 4236 generalium,
566 4163 648 4237 quae
659 4138 707 4211 ad
721 4138 950 4213 notationem
964 4140 1040 4211 sive
1054 4139 1361 4235 significationem

318 4254 584 4349 cogitationum
601 4264 812 4324 nostrarum
829 4251 1070 4348 recipiuntur.
1109 4250 1360 4336 Notatiooem,
