2926 4980
343 358 416 427 368
583 378 637 431 nu
657 380 851 433 crvrrarn
872 380 1140 434 currentius.

145 553 221 604 ear.
234 556 319 607 xnn.
342 534 757 632 converso,baptismum
768 537 926 634 negandi
936 547 1214 635 potestatemne
1224 533 1384 632 apostoli

156 634 304 755 ὦ
344 645 490 741 quidem
504 647 721 740 habuerunt,
733 674 801 723 nec
814 651 1056 747 poenitentem
1070 672 1145 722 non
1158 647 1383 743 baptizandi.

154 762 305 847 “wo
344 758 531 833 Quoniam
550 774 674 835 autem
690 764 909 859 poenitentia
925 764 1075 837 alterius
1098 787 1145 835 an
1168 760 1314 834 sincera
1334 760 1383 834 sit

343 894 471 961 necne,
494 873 604 948 homo
627 876 749 949 nullus
771 877 864 949 scire
882 890 1004 972 potest
1022 875 1091 948 nisi
1108 899 1174 971 per
1192 875 1382 969 conjectu·

343 1006 421 1057 ram
439 1009 484 1057 ex
498 987 595 1060 notis
612 989 783 1077 externis,
801 989 917 1062 altera
933 988 1072 1061 orietur
1089 987 1256 1084 quaestio,
1274 997 1381 1060 nota-

342 1121 424 1170 rum
442 1110 673 1173 externarum
692 1102 918 1198 poenitentiae
936 1102 1017 1198 quis
1030 1100 1144 1197 judex
1158 1099 1380 1173 constitutus

342 1225 409 1285 est.
454 1213 703 1287 Quaestionem
717 1229 841 1288 autem
855 1215 951 1288 hane
970 1214 1191 1288 determinat
1211 1212 1380 1287 Christus

341 1327 419 1422 ipse
433 1326 557 1399 dicens
571 1327 719 1418 (Matth.
737 1328 837 1402 xviii.
855 1338 910 1418 15,
929 1337 985 1418 16,
1003 1331 1075 1422 17):
1097 1328 1140 1400 Si
1151 1335 1274 1398 antem
1288 1351 1380 1423 pee-

341 1440 485 1513 cnoerit
503 1441 541 1513 in
559 1451 596 1513 te
598 1442 740 1539 frater
758 1453 854 1532 tuna,
873 1441 980 1531 vade,
999 1452 1038 1514 et
1055 1440 1207 1537 corripe
1223 1464 1304 1513 eum
1322 1440 1379 1513 in·

341 1561 400 1624 ter
419 1562 456 1625 te
469 1563 507 1625 et
525 1555 644 1652 ipsum
660 1555 776 1629 aotam
786 1584 799 1629 .·
818 1557 853 1628 ai
871 1566 908 1629 te
922 1554 1100 1643 andierit,
1114 1554 1283 1626 inerntna
1299 1554 1379 1633 erin

326 1665 503 1761 fratrem
528 1677 654 1751 tnnm;
692 1669 727 1740 ai
750 1679 873 1741 antem
897 1678 934 1740 te
955 1692 1026 1740 non
1044 1666 1222 1754 audierit,
1240 1665 1379 1740 adhibe

340 1788 458 1851 teenrn
476 1780 598 1853 adhuc
616 1807 721 1854 nnnrn
738 1781 799 1856 oet
814 1781 918 1870 dnos,
936 1792 977 1853 nt
1001 1781 1039 1852 in
1066 1804 1132 1851 ore
1148 1778 1302 1851 duorum
1318 1778 1381 1852 oet

339 1891 451 1964 trium
469 1894 616 1967 tentiam
632 1904 707 1967 atet
725 1920 827 1967 omne
843 1893 991 1967 verbnm
1004 1921 1017 1965 .·
1055 1892 1157 1989 qnod
1170 1891 1206 1962 ai
1222 1916 1293 1964 non
1310 1917 1377 1965 aa·

339 2003 455 2078 dierit
478 2029 551 2096 eoa,
570 2007 633 2079 die
658 2007 827 2080 eceleaioe
839 2034 853 2089 ;
878 2007 914 2078 ai
938 2015 1061 2078 nutem
1086 2002 1280 2075 eeclesiam
1306 2027 1377 2077 non

339 2117 518 2207 audierit,
545 2119 597 2193 ait
636 2120 706 2193 tibi
739 2120 836 2192 aient
871 2119 1039 2192 etinricna
1073 2127 1111 2189 et
1137 2114 1375 2212 publicanus.

339 2229 492 2305 Constat
508 2232 606 2322 hinc,
621 2233 800 2329 judicium
823 2233 921 2305 cirea
942 2229 1169 2328 poenitentiae
1186 2229 1377 2302 sincerita-

339 2355 427 2434 tem,
445 2370 519 2418 non
546 2370 659 2442 penes
682 2371 795 2419 unum
818 2346 1014 2434 hominem,
1033 2343 1097 2415 sed
1120 2366 1231 2439 penes
1259 2341 1377 2414 eecle-

339 2457 428 2529 siam
446 2458 569 2548 fuisse,
588 2459 626 2532 id
644 2472 710 2547 est,
728 2482 841 2555 penes
857 2457 1019 2531 fidelium
1036 2455 1374 2551 congregationem,

338 2570 396 2642 vel
421 2595 532 2667 penes
551 2573 632 2646 illos
661 2573 723 2669 qni
741 2571 1036 2668 congregationis
1053 2569 1233 2664 gesserint
1252 2593 1376 2664 perso-

338 2706 435 2756 nam.
488 2686 624 2758 Praeter
659 2685 871 2781 quaestionis
905 2684 1013 2779 hujus
1044 2681 1236 2778 judicium,
1264 2682 1375 2754 etiam

337 2798 529 2871 sententiae
546 2798 796 2894 pronuntiatio
814 2796 1020 2869 necessaria
1032 2806 1134 2877 erat;
1161 2806 1271 2889 atque
1294 2795 1375 2868 haee

335 2911 586 3004 pronuntiatio
605 2911 807 2998 sententiae,
825 2909 994 3005 apostoli,
1011 2907 1069 2979 vel
1085 2907 1243 3002 pastoris
1261 2907 1374 2980 alieu-

332 3024 392 3117 jns
410 3036 500 3112 erat,
517 3035 557 3096 ut
577 3023 871 3119 congregationis
889 3021 1130 3116 prolocutoris
1145 3051 1155 3103 ;
1182 3031 1220 3090 et
1241 3018 1287 3091 de
1304 3020 1374 3092 illis

337 3135 409 3208 dici
433 3136 651 3231 intelligitur
671 3162 694 3209 a
718 3135 866 3208 Christo
883 3136 990 3225 (vers.
1014 3136 1094 3225 ls):
1125 3133 1375 3230 Quodcunque

335 3247 552 3346 ligaveritis
570 3250 607 3322 in
626 3260 744 3338 terra,
760 3246 945 3345 ligabitur
969 3246 1007 3345 in
1035 3245 1156 3327 eoelo;
1192 3255 1230 3317 et
1257 3247 1373 3343 qnod-

334 3386 475 3458 eanqne
504 3361 657 3435 solvetis
686 3362 723 3434 in
752 3372 870 3448 terro,
902 3358 1066 3431 aoloetnr
1101 3358 1138 3429 in
1169 3357 1273 3430 coeto.
1325 3360 1373 3432 Et
1458 3346 1462 3355 ¹

338 3476 371 3568 (l
396 3476 479 3548 Cor.
497 3501 531 3548 v.
552 3477 632 3568 3-5)
662 3476 752 3549 dicit
771 3476 928 3547 Sanctus
945 3472 1094 3545 Paulus:
1119 3470 1209 3569 Ego
1226 3471 1372 3565 quidem

334 3588 469 3661 nisena
487 3614 658 3685 corpore,
674 3612 842 3685 present·
861 3595 982 3657 aretem
1000 3583 1155 3680 spiritu,
1163 3585 1247 3678 jorn
1261 3583 1371 3678 jndi-

333 3704 428 3791 envi,
447 3712 487 3773 nt
505 3726 690 3798 present,
708 3726 786 3773 enm
804 3698 869 3796 qni
888 3698 945 3769 sic
970 3705 1148 3793 operatua
1168 3696 1282 3768 estin
1310 3721 1372 3767 no-

333 3814 428 3887 mine
464 3813 615 3885 Domini
650 3813 772 3885 nostri
806 3808 898 3881 Jean
929 3807 1086 3898 Christi,
1122 3809 1372 3905 congregatis

333 3928 436 4000 vobin
464 3936 502 3999 et
530 3951 606 3998 nreo
634 3927 787 4023 spiritu,
812 3947 893 3995 cum
915 3922 1054 3994 virtute
1082 3921 1235 3992 Domini
1264 3898 1395 4012 leons

334 4041 488 4112 trudere
521 4037 730 4133 hujusmodi
768 4033 946 4107 hominem
981 4033 1148 4105 Sotnnoe.
1209 4031 1371 4105 Tradere

334 4153 490 4241 Satanae,
521 4152 618 4225 idem
644 4162 699 4223 est
722 4147 820 4244 quod
844 4169 889 4219 ex
913 4147 1067 4219 ecelesia
1097 4148 1228 4244 ejicere
1250 4145 1369 4218 homi-

331 4288 414 4337 nem
432 4268 535 4363 cujus
552 4287 627 4338 non
645 4274 766 4337 essent
782 4271 935 4358 peccata
951 4261 1114 4334 remissa.
1142 4258 1369 4332 Sententiam
