2926 4980
601 418 737 471 INDEX
758 418 958 472 CAPITUM.

244 561 249 573 ι
1295 545 1343 575 Pto.

199 605 247 664 97.
268 601 314 660 De
328 601 513 671 Criminibus,
529 601 777 672 Excusationibus,
792 612 821 660 et
842 601 1100 661 Extenuationibus
1161 644 1167 658 .
1249 645 1256 661 .
1286 607 1345 663 910

199 702 247 756 98.
269 698 315 758 De
330 698 427 757 Poenis
441 709 470 757 et
484 699 612 756 Praemiis
722 740 1257 756 .......
1287 703 1344 757 993

200 798 247 855 99.
269 794 316 854 De
330 797 363 852 iis
377 794 476 853 Rebus
490 814 556 871 quse
571 793 725 852 Civitatem
739 794 913 854 labefactant
984 836 990 848 .
1072 836 1079 850 .
1159 836 1166 849 .
1249 837 1255 848 .
1286 799 1345 853 930

200 895 248 950 30.
269 890 315 949 De
330 888 433 950 Officio
448 891 559 950 Summi
573 888 690 966 Imperii
810 929 1254 949 ......
1285 894 1344 949 940

200 990 248 1045 31.
271 985 317 1045 De
331 984 434 1063 Regno
448 983 506 1042 Dei
520 985 641 1043 naturali
724 1026 1255 1042 .......
1286 991 1344 1046 954

410 1182 490 1222 PARS
513 1182 644 1223 TERTIA·
685 1183 726 1223 DE
746 1183 903 1224 ClVlTATE
924 1183 1136 1222 CHRISTIANA·

201 1295 249 1353 39.
270 1290 318 1350 De
331 1290 461 1351 Politicae
477 1294 648 1352 Christianae
663 1292 815 1370 Principiis
897 1335 1255 1352 .....
1286 1300 1343 1355 965

201 1392 248 1448 33.
268 1388 316 1446 De
330 1388 468 1457 Numero,
482 1390 673 1465 Antiquitate,
688 1388 794 1465 Scopo,
803 1390 996 1458 Authoritate‚
1008 1400 1036 1448 et
1046 1391 1256 1466 Interpretibus

356 1485 511 1542 Librorum
524 1484 677 1543 Sacrorum
719 1528 1255 1543 .......
1285 1490 1345 1548 970

199 1583 247 1640 34.
268 1578 316 1638 De
330 1579 546 1657 Significatione
560 1600 647 1658 quam
656 1582 764 1639 habent
776 1583 805 1638 in
821 1581 976 1658 Scripturis
992 1582 1088 1642 Sacris
1102 1583 1253 1641 Vocabula

357 1674 490 1750 Spiritus,
506 1676 644 1752 Angelus,
658 1674 810 1751 Inspiratio
898 1720 1255 1737 .....
1286 1683 1344 1737 980

200 1774 248 1831 35.
268 1769 315 1828 De
330 1770 545 1846 Significatione
559 1772 588 1828 in
600 1770 757 1847 Scripturis
772 1772 867 1830 Sacris
879 1773 1102 1841 Vocabulorum,
1119 1774 1255 1851 Regnum

357 1866 423 1935 Dei,
438 1865 586 1934 Sanctum,
598 1866 727 1932 Sacrum,
742 1879 771 1925 et
783 1867 998 1928 Sacramentum
1070 1913 1077 1925 .
1159 1912 1166 1924 .
1249 1913 1255 1925 .

200 1967 248 2023 36.
268 1961 315 2020 De
330 1963 427 2020 Verbo
439 1961 508 2029 Dei,
521 1971 550 2020 et
563 1963 715 2039 Prophetis

200 2060 247 2120 37.
268 2058 315 2116 De
330 2057 488 2125 Miruculis,
503 2067 645 2117 eteorum
660 2079 713 2117 usu

200 2158 248 2215 38.
269 2154 315 2212 De
330 2153 544 2231 Significatione
554 2174 642 2233 quam
656 2156 762 2213 hubent
775 2158 804 2212 in
820 2155 974 2232 Scripturis
994 2155 1089 2214 Sacris
1107 2154 1255 2214 Vocabula

356 2250 424 2307 Vita
437 2250 566 2318 AEterna,
582 2249 740 2316 infernum,
760 2249 898 2317 Salvatio,
913 2249 1041 2309 Mundus
1056 2250 1212 2316 Venturos,
1227 2261 1256 2308 et

359 2346 530 2422 Redemptio
634 2384 1256 2402 ........
1286 2350 1344 2405 390

201 2445 249 2502 39.
271 2441 317 2499 De
332 2441 548 2518 Significatione
557 2461 644 2519 quam
655 2443 742 2499 habet
753 2444 781 2499 in
803 2443 958 2516 Scriptnris
969 2441 1063 2500 Sacris
1074 2441 1255 2499 Vocabulum

357 2537 488 2596 Ecclesia
543 2579 1255 2595 .........
1286 2543 1343 2597 335

200 2638 248 2694 40.
269 2632 316 2691 De
329 2631 400 2691 Jure
414 2632 509 2710 Regni
523 2631 581 2691 Dei
594 2635 623 2690 in
639 2634 815 2700 Abrahamo‚
838 2632 929 2701 Mose,
949 2633 1074 2693 Summis
1095 2633 1257 2692 Sacerdoti·

357 2729 420 2797 bus,
434 2738 464 2786 et
478 2729 607 2806 Regibus
619 2726 636 2784 J
641 2729 731 2786 udaeae
811 2769 1255 2784 ......
1287 2732 1344 2786 338

200 2829 248 2884 41.
269 2823 316 2882 De
332 2823 492 2882 Servatoris
505 2826 594 2882 nostri
608 2824 752 2882 benedicti
767 2822 872 2882 Officio
985 2866 992 2879 .
1074 2866 1080 2878 .
1160 2863 1168 2878 .
1249 2865 1255 2877 .
1287 2827 1345 2882 349

200 2922 248 2978 49.
270 2917 317 2976 De
331 2916 478 2976 Potestate
492 2917 695 2977 Ecclesiastico
805 2957 1254 2974 ......
1285 2920 1343 2978 357

200 3020 250 3075 43.
270 3014 318 3073 De
331 3016 365 3072 iis
379 3032 444 3090 quae
457 3014 494 3071 ad
508 3012 715 3089 Receptionem
729 3013 758 3068 in
770 3011 904 3088 Regnum
916 3007 1063 3068 Coelorum
1076 3021 1144 3069 sunt
1156 3030 1254 3069 neces-

357 3111 432 3168 saria
549 3147 1255 3165 .........
1286 3113 1344 3167 434

417 3302 498 3342 PARS
520 3301 664 3350 QUARTA·
705 3301 746 3341 DE
768 3300 872 3340 REGNO
894 3299 1124 3340 TENEBRARUM.

201 3423 249 3477 44.
268 3414 316 3473 De
330 3414 469 3473 Tenebris
490 3414 691 3491 spiritualibus
704 3431 721 3469 a
735 3430 791 3469 non
809 3421 887 3469 recta
902 3412 1140 3486 interpretatione
1157 3412 1252 3486 Scrip-

359 3519 487 3568 turarum
546 3548 1253 3565 .........
1283 3513 1343 3568 449

202 3611 250 3668 45.
271 3604 318 3664 De
332 3604 561 3681 Daemonologia,
569 3605 688 3680 aliisque
703 3603 843 3680 Reliquiis
858 3603 1040 3679 Religionum
1056 3602 1243 3660 Ethnicarum
1285 3606 1342 3664 475

200 3707 249 3764 to.
270 3701 316 3760 De
330 3702 469 3761 Tenebris
482 3720 500 3758 a
514 3719 586 3758 vana
599 3698 793 3773 Philosophia,
806 3708 835 3755 et
848 3697 1062 3755 Traditionibus
1076 3696 1212 3755 fabulosis
1244 3740 1251 3754 .
1282 3703 1340 3759 489

201 3800 250 3861 47.
270 3796 319 3856 De
330 3796 428 3856 Lucro
441 3797 478 3853 ab
488 3795 649 3872 hujusmodi
664 3794 812 3860 Tenebris,
822 3794 891 3870 quid
902 3795 939 3850 sit
951 3803 981 3851 et
990 3795 1095 3871 quibus
1105 3804 1250 3852 accrescat
1285 3800 1343 3854 503

449 3983 619 4023 ΔΡΡΕΝΒΙΧ.
658 3981 837 4023 comminaris
858 3981 937 4021 Titia
958 3980 1088 4021 carim.

203 4095 341 4159 Primum,
355 4091 403 4150 De
417 4092 554 4167 Symbolo
568 4091 681 4150 Niceno
722 4131 1253 4149 .......
1283 4091 1338 4147 511

203 4189 378 4251 Secundum,
392 4186 438 4244 De
453 4185 568 4244 Haeresi
631 4226 1253 4246 ........
1283 4189 1343 4244 539

200 4283 340 4352 Tertium,
354 4282 401 4342 De
414 4281 586 4358 quibusdam
602 4282 822 4360 objectionibus
836 4294 936 4342 contra
950 4283 1109 4343 Leviathan
1166 4323 1173 4337 .
1284 4285 1343 4340 559
