2926 4980
515 409 567 458 nu
588 407 795 459 crvrrnru.
1108 389 1181 467 227

140 580 220 653 beri
238 605 313 655 non
329 594 464 678 posset,
483 609 567 657 oum
584 585 683 679 leges
701 584 834 657 divinae
861 594 898 655 et
924 582 1022 678 leges
1039 592 1182 654 naturae
1195 603 1393 652 canxxvru

140 693 214 766 sint
227 694 539 790 indispensabiles.
1225 687 1365 812 ff

191 805 404 903 Ignominia
431 810 584 883 inflictio
613 821 669 883 est
689 809 788 897 mali,
813 808 872 881 cui
889 831 912 881 a
928 807 1077 881 civitate
1094 819 1184 880 nota
1224 819 1356 877 ‘tonniis

139 921 336 1016 apponitur
354 923 602 1019 turpitudinis,
620 924 678 996 vel
705 922 908 1019 deprivatio
932 922 1022 993 boni
1040 920 1139 1018 quod
1162 944 1184 993 a

140 1033 288 1106 civitate
312 1059 380 1130 pro
408 1036 546 1109 honore
576 1059 790 1110 concessum
819 1046 885 1108 est.
939 1035 1033 1108 Sunt
1060 1045 1184 1107 autem

141 1146 307 1241 quaedam
335 1149 549 1222 naturaliter
579 1149 794 1237 honorifica,
811 1160 854 1220 ut
871 1147 1061 1236 fortitudo,
1080 1171 1183 1243 mag-

139 1261 347 1351 nanimitas,
372 1263 579 1357 prudentia,
606 1263 760 1357 aliaeque
790 1261 922 1355 aliquae
953 1261 1117 1356 corporis
1144 1272 1184 1332 et

139 1374 253 1446 animi
270 1374 475 1448 facultates
528 1377 611 1448 Alia
624 1375 827 1448 honorifica
844 1375 943 1446 facta
960 1385 1045 1446 sunt
1058 1397 1081 1445 a
1094 1374 1183 1445 civi-

138 1497 228 1574 tate,
242 1500 284 1561 ut
302 1488 470 1584 insignia,
490 1489 600 1577 tituli,
614 1489 744 1576 officia,
759 1500 797 1559 et
810 1510 1040 1583 quaecunque
1052 1488 1181 1581 gratiae

139 1599 238 1694 apud
262 1600 376 1689 illum,
395 1601 458 1695 qui
475 1624 655 1673 summam
681 1600 793 1672 habet
820 1609 1054 1694 potestatem,
1078 1599 1183 1695 signa

139 1713 347 1808 singularia.
401 1714 526 1786 Priora
543 1714 605 1785 illa
621 1713 701 1785 tolli
717 1712 798 1806 lege
816 1735 891 1782 non
904 1723 1068 1806 possunt.
1097 1713 1182 1785 Pos-

139 1826 276 1898 teriora
295 1850 318 1898 a
347 1825 509 1913 civitate,
527 1837 678 1921 propter
708 1823 874 1913 crimina,
893 1824 973 1896 tolli
1000 1836 1153 1920 possunt
1172 1858 1181 1910 ;

139 1949 177 2010 et
193 1963 312 2034 poenae
336 1941 485 2035 proprie
503 1951 600 2012 sunt.

190 2052 258 2124 Per
272 2053 607 2126 incarcerationem
624 2051 790 2146 intelligo
807 2075 1062 2148 quamcunque
1072 2053 1181 2126 liber-

137 2165 223 2238 tatis
247 2166 446 2262 corporalis
467 2167 700 2252 ablationem,
720 2188 830 2259 quam
848 2164 989 2237 duabus
1007 2165 1052 2237 de
1064 2167 1181 2239 causis

138 2279 265 2352 civitas
288 2293 441 2376 propter
465 2281 604 2351 crimen
625 2277 732 2350 tollit.
786 2277 952 2351 Quarum
974 2278 1090 2351 altera
1115 2291 1182 2368 est,

137 2402 180 2463 ut
197 2392 425 2465 custodiatur
442 2417 525 2465 reus
543 2416 590 2464 ne
608 2390 772 2485 aufugiat
787 2422 796 2474 ;
824 2391 950 2480 altera,
968 2404 1010 2463 ut
1038 2392 1085 2465 sit
1113 2416 1180 2488 pro

139 2528 249 2600 poena
273 2506 520 2579 condemnati.
574 2505 678 2579 Prior
707 2505 839 2576 harum
864 2530 974 2600 poena
997 2530 1074 2579 non
1102 2517 1178 2589 est3

139 2619 225 2714 quia
236 2631 433 2717 antequam
447 2620 646 2716 judicetur,
658 2642 766 2690 nemo
781 2618 881 2713 juste
898 2620 1020 2713 puniri
1038 2631 1181 2715 potest:

138 2732 274 2804 malum
292 2733 427 2828 itaque,
447 2733 546 2829 quod
572 2732 653 2829 quis
671 2755 767 2819 reus,
786 2744 983 2827 antequam
1012 2733 1182 2806 audiatur

139 2856 178 2916 ct
194 2845 468 2935 condemnetur,
487 2871 553 2943 per
572 2845 777 2919 custodiam
801 2845 940 2940 patitur
964 2845 1046 2941 plus
1072 2871 1183 2942 quam

139 2959 314 3031 custodiae
332 2962 577 3032 necessarium
596 2972 662 3047 est,
682 2970 813 3032 contra
824 2959 923 3054 leges
937 2972 1078 3033 naturae
1090 2961 1183 3033 infli-

139 3070 249 3165 gitur.
303 3072 487 3145 Posterior
499 3097 608 3168 poena
623 3084 694 3152 est:
714 3073 831 3166 quina
846 3072 1005 3159 civitate,
1020 3084 1058 3145 et
1075 3098 1185 3169 prop-

139 3195 196 3256 ter
213 3185 352 3256 crimen
370 3185 536 3258 auditum
550 3198 587 3257 et
601 3184 808 3279 judicatum
822 3185 1012 3280 infligitur.

189 3295 358 3369 Enilium
368 3310 435 3385 est,
447 3297 594 3394 quando
605 3310 757 3393 propter
767 3299 905 3370 crimen
918 3300 1187 3373 condemnatur.

138 3411 228 3483 civis
241 3411 289 3483 ad
302 3412 508 3484 exeundum
522 3436 541 3483 e
556 3410 717 3483 dominio
737 3411 906 3500 civitatis
921 3414 996 3485 sive
1013 3437 1080 3509 pro
1094 3424 1184 3485 tem-

137 3547 227 3620 pore
240 3524 365 3596 sivein
378 3537 597 3621 perpetuum
612 3555 621 3606 ;
640 3522 857 3620 videturque
869 3549 935 3597 sua
947 3537 1089 3615 natura,
1105 3527 1183 3599 sine

138 3638 218 3711 aliis
244 3638 540 3727 circumstantiis
567 3662 714 3734 poenam
739 3662 814 3710 non
844 3663 934 3727 esse,
962 3639 1026 3711 sed
1060 3640 1183 3735 potius

137 3752 341 3849 aufugium,
353 3751 411 3823 vel
422 3752 638 3824 mandatum
648 3752 835 3847 publicum
845 3753 1010 3849 fugiendi
1022 3777 1181 3849 poenam.

140 3864 361 3962 Hujusmodi
382 3889 529 3960 poenam
552 3865 590 3937 in
616 3863 764 3936 civitate
786 3866 952 3939 Romana
974 3879 1086 3961 negat
1104 3888 1182 3938 esse

138 3980 389 4052 Romanarum
406 3979 528 4074 legum
547 3977 808 4050 scientissimus
837 3977 964 4051 Cicero
981 4011 990 4062 ;
1017 3980 1183 4051 exilium-

138 4116 208 4188 que
234 4092 519 4188 periclitantium
546 4090 679 4162 eivium
706 4089 889 4186 refugium
913 4105 1033 4164 vocat.
1086 4093 1183 4166 Nam

137 4206 202 4299 qui
233 4206 367 4293 exulet,
398 4206 430 4279 si
454 4217 576 4277 tamen
603 4203 707 4277 bonis
734 4203 808 4274 suis
834 4204 1085 4300 reditibusque
1110 4205 1183 4279 frui

136 4320 385 4414 permittatur,
411 4319 525 4392 solam
551 4317 634 4390 coeli
659 4317 898 4391 mutationem
923 4318 1075 4414 patitur,
1100 4343 1182 4414 quae

1007 4456 1033 4513 Q
1051 4458 1067 4504 o
