2926 4980
333 333 407 400 450
584 349 638 401 nr
659 350 800 403 anano
819 350 1125 406 raueuaanuu.

121 545 199 595 car.
215 544 312 598 xmv.
336 526 375 598 in
392 525 490 599 alios
508 526 546 600 in
557 529 747 625 presenti
764 529 898 602 mando
909 529 1152 619 dominentur,
1167 528 1298 604 lamen
1311 541 1386 605 tan

138 630 288 729 Μ
335 640 499 712 rationis
511 640 703 714 nutriretis
718 651 793 714 tam
810 642 999 741 evangelii
1011 666 1087 740 per
1105 643 1314 717 doctrinas
1327 670 1390 718 er·

135 750 298 872 :¹332ssss
335 775 471 825 renent
488 765 527 827 et
543 753 723 827 obscurae
739 755 976 854 extinguere,
994 767 1033 831 et
1058 756 1097 829 in
1113 755 1215 830 eiam
1241 757 1390 832 saturn

136 880 313 989 fflffl
335 876 485 940 eterne
503 867 679 941 tenebrae
692 868 870 941 inducere
888 879 1070 942 conantur
1086 869 1338 968 spiritualer.

184 959 198 1001 Ρ
385 981 706 1055 Quemadmodum
717 982 1208 1080 homiues,quianativitate
1219 1007 1293 1057 sua
1302 985 1388 1058 luce

333 1095 524 1168 oculorum
559 1095 705 1191 penitus
742 1095 1006 1185 destituuntur,
1040 1095 1190 1169 luminis
1225 1098 1387 1172 omnino

332 1208 453 1280 ideam
462 1209 602 1281 nullam
611 1207 769 1293 habent;
783 1233 902 1304 neque
912 1209 1105 1305 imaginari
1114 1210 1318 1305 quisquam
1329 1211 1387 1284 lu·

331 1345 417 1394 men
430 1324 548 1418 majus
559 1332 693 1417 potest,
706 1346 814 1417 quam
829 1322 1025 1418 aliquando
1038 1334 1124 1395 ante
1140 1321 1304 1396 viderit:
1333 1324 1387 1398 ita

331 1435 443 1508 etiam
461 1435 609 1508 luminis
625 1435 817 1531 evangelii,
829 1446 867 1508 et
884 1435 1031 1508 luminis
1048 1433 1201 1507 rationis
1219 1436 1386 1531 gradum

331 1550 508 1644 majorem
520 1549 680 1620 existere
696 1572 770 1620 non
788 1559 922 1644 putant
937 1547 1117 1637 homines,
1136 1571 1249 1644 quam
1269 1573 1385 1645 quem

332 1662 400 1758 ipsi
414 1663 492 1758 jam
510 1661 695 1756 assequuti
713 1672 811 1734 sunt.
862 1662 987 1759 Atque
1003 1661 1090 1734 hinc
1108 1673 1176 1750 est,
1192 1662 1298 1757 quod
1315 1663 1384 1736 bo-

331 1775 448 1848 mines
465 1776 648 1863 tenebrae,
660 1775 698 1846 in
716 1775 849 1869 quibus
865 1785 1072 1864 versantur,
1085 1774 1159 1848 alia
1171 1775 1232 1847 via
1242 1799 1384 1872 agnos·

331 1913 414 1961 cere
425 1913 499 1962 non
511 1898 676 1985 possunt,
683 1901 929 1984 praeterquam
941 1913 985 1962 ex
997 1889 1071 1962 suis
1083 1888 1250 1985 ipsorum
1263 1891 1383 1964 offen·

331 2001 494 2074 sionibus
507 2013 544 2072 et
554 2000 776 2073 infortuniis.
829 2001 949 2097 Regni
961 2001 1105 2074 Satanae
1116 2001 1382 2077 obscurissima

331 2113 481 2210 quidem
491 2137 577 2209 pars
588 2125 646 2185 est
658 2137 713 2201 ea,
731 2137 815 2209 quae
832 2126 939 2187 extra
951 2113 1143 2187 ecclesiam
1160 2114 1231 2187 Dei
1249 2127 1322 2204 est,
1341 2117 1381 2190 id

330 2238 397 2316 est,
415 2227 454 2299 in
472 2251 544 2322 qua
570 2226 760 2299 ambulant
786 2227 951 2300 infideles
970 2259 980 2312 ;
1007 2227 1130 2301 dicere
1155 2240 1281 2300 tamen
1300 2253 1380 2302 non

328 2344 534 2437 possumus,
553 2339 652 2436 quod
670 2341 834 2431 ecclesia,
853 2341 957 2438 quasi
985 2340 1145 2429 Goshen,
1172 2353 1281 2414 tanta
1299 2366 1381 2415 om·

328 2455 418 2527 uino
448 2454 529 2526 luce
559 2454 715 2541 fruatur,
742 2465 880 2550 quanta
906 2478 998 2550 opus
1016 2467 1073 2527 est
1090 2452 1137 2525 ad
1155 2476 1265 2526 omne
1283 2479 1380 2550 opus

330 2568 544 2641 faciendum
562 2568 662 2663 quod
679 2568 872 2664 imperavit
889 2569 969 2642 fieri
991 2569 1102 2642 Deus.
1147 2567 1257 2640 Unde
1276 2569 1378 2642 enim

330 2683 418 2756 oriri
432 2682 566 2778 potuit,
585 2681 684 2776 quod
703 2682 914 2771 Christiani,
932 2707 955 2755 a
973 2692 1139 2778 tempore
1152 2704 1246 2776 pene
1264 2704 1377 2777 apos-

329 2795 501 2881 talorum,
515 2819 554 2866 se
567 2807 695 2867 mutuo
711 2796 806 2868 alter
816 2797 973 2868 alterum
987 2820 1032 2868 ex
1046 2806 1145 2868 statu
1158 2794 1377 2890 dejecerint,

329 2908 426 2980 bello
452 2917 516 2979 aut
533 2919 685 2980 externo
703 2922 768 2981 aut
785 2908 882 2982 civili
898 2941 907 2993 ;
935 2908 1034 3004 quod
1051 2907 1100 2980 ad
1120 2930 1266 2979 omnem
1289 2932 1378 3003 pro-

330 3021 496 3117 priarum
513 3045 637 3093 rerum
655 3023 903 3117 asperitatem,
914 3035 952 3094 et
964 3021 1012 3094 ad
1025 3045 1172 3094 omnem
1188 3022 1377 3116 prosperi-

331 3133 420 3205 tatis
439 3133 569 3206 alienae
586 3133 835 3218 eminentiam,
850 3134 960 3206 toties
977 3132 1189 3212 offendant;
1217 3142 1254 3204 et
1272 3136 1376 3230 quod

330 3246 378 3319 ad
391 3246 545 3319 eandem
556 3258 704 3336 metam,
715 3247 941 3336 felicitatem,
955 3260 1030 3321 tam
1045 3246 1197 3319 diversis
1208 3246 1277 3318 viis
1289 3271 1376 3319 cur-

331 3370 455 3443 ratur;
482 3361 552 3432 nisi
580 3361 650 3434 illis
674 3386 747 3434 nox
771 3361 880 3434 etiam
906 3386 1005 3433 nunc
1029 3372 1134 3450 esset,
1152 3370 1216 3432 aut
1241 3360 1376 3434 saltem

332 3473 448 3569 spissa
464 3473 622 3546 nebula?
650 3474 783 3547 Sumus
801 3499 889 3571 ergo
903 3475 1015 3546 etiam
1028 3497 1126 3546 nunc
1144 3472 1370 3546 intenebris.

383 3588 425 3659 ln
456 3587 673 3683 ignorantiae
704 3599 839 3662 nostrae
866 3587 1044 3660 naturalis
1069 3588 1224 3660 obscura
1248 3597 1373 3674 nocte,

333 3724 499 3773 errorum
527 3701 769 3797 spiritualium
794 3702 936 3774 zizania
965 3701 1158 3774 seminavit
1187 3699 1370 3773 inimicus.

334 3813 468 3898 Primo,
487 3814 611 3886 lumen
630 3815 902 3911 Scripturarum
915 3813 1185 3910 extinguendo:
1206 3836 1372 3887 erramus

333 3928 430 3999 enim
456 3928 653 4001 nesciendo
671 3952 817 4001 sensum
841 3929 1124 4024 Scripturarum.
1187 3926 1371 4017 Secundo,

332 4040 565 4113 ethnicorum
581 4051 772 4136 poetarum
791 4041 1107 4138 daemonologiam,
1133 4041 1173 4113 id
1197 4053 1265 4127 est,
1284 4040 1372 4114 doc-

332 4152 466 4225 trinam
485 4152 531 4225 de
559 4153 761 4242 daemoniis,
787 4179 920 4251 nempe
946 4155 1150 4228 doctrinam
1178 4155 1223 4229 de
1250 4153 1370 4244 idolis,

331 4265 657 4360 phantasmatibus,
689 4279 918 4342 mortuorum
945 4267 1095 4356 umbris,
1122 4267 1372 4363 similibusque
