2926 4980
491 377 544 428 nn
564 376 771 430 crumena.
1076 358 1144 436 173

101 569 174 642 que
196 544 358 619 hominis
375 545 537 619 absentis
552 544 691 618 factum
710 555 778 618 est.
830 545 957 618 Coetus
975 543 1073 616 euim
1090 545 1143 640 ip·
1171 574 1247 623 car.
1260 572 1349 622 xxu.

101 660 177 732 sius
195 658 279 731 ideo
296 657 438 731 factum
456 669 523 747 est,
537 658 623 753 quia
637 658 786 753 majoris
804 658 918 753 partis
937 669 1014 741 est;
1042 670 1079 729 et
1096 657 1144 730 si·
1171 657 1328 775 1)ζῇζωῖ

103 771 253 869 quidem
280 771 420 844 crimen
438 771 497 859 sit,
514 768 720 866 puniendus
739 782 855 843 coetus
874 781 940 858 est,
965 782 1144 865 quatenus
1171 782 1327 851 tiberiam

103 909 222 983 poenae
235 909 353 981 capax
370 895 452 958 est:
478 884 632 980 exempli
650 908 771 969 causa,
789 907 855 979 per
869 883 1144 956 dissolutionem

103 996 324 1096 systematis
343 1021 426 1093 quae
444 996 590 1092 quidem
614 996 792 1092 ejusmodi
811 996 1025 1092 corporibus
1049 997 1145 1069 ficti-

103 1112 165 1186 tiis
191 1110 359 1208 capitalis
391 1121 458 1198 est,
475 1109 545 1198 vel,
569 1109 600 1181 si
621 1108 731 1181 modo
757 1109 925 1183 aerarium
952 1134 1144 1183 commune

103 1226 239 1299 habeat
258 1234 389 1312 coetus,
402 1247 469 1320 per
486 1216 930 1318 mulctam'pecuniariam.
967 1224 1062 1297 Nam
1076 1226 1143 1297 hu-

99 1337 264 1436 jusmodi
282 1348 520 1434 systemataa
542 1336 660 1433 poenis
689 1337 873 1432 corporeis
902 1339 980 1433 ipsa
1009 1340 1145 1412 exemit

103 1464 249 1527 natura.
302 1451 377 1524 Qui
406 1462 529 1524 autern
552 1450 696 1523 crimini
719 1475 742 1522 a
766 1463 964 1546 systemate
994 1451 1143 1525 decreto

103 1564 320 1660 suffragium
347 1585 455 1635 suum
482 1586 557 1634 non
585 1561 776 1652 dederunt,
794 1564 1008 1636 innocentes
1035 1576 1143 1648 sunt;

103 1691 142 1752 et
158 1678 249 1774 quia
264 1688 396 1763 coetus,
419 1699 485 1771 per
501 1675 625 1748 literas
644 1699 738 1765 suaa,
757 1678 939 1749 neminem
953 1677 992 1749 in
1009 1677 1144 1751 illicitis

103 1804 372 1888 repraesentare
401 1801 533 1885 potest,
561 1790 776 1863 innocentes
804 1791 856 1863 illi
890 1791 928 1863 in
962 1793 1144 1889 suffragiis

102 1904 318 1977 nocentium
330 1926 406 1975 nou
424 1902 798 1999 comprehenduntur.

153 2015 195 2089 Si
211 2039 369 2111 persona
383 2015 588 2111 systematis
606 2015 653 2088 sit
669 2015 708 2088 in
725 2015 873 2088 homine
886 2040 972 2105 uu0,
985 2028 1021 2091 et
1035 2017 1065 2090 is
1081 2042 1145 2113 pe-

101 2129 253 2203 cuniam
268 2140 435 2201 mutuam
452 2128 645 2225 sumpserit
662 2130 708 2202 ab
727 2141 913 2218 extraneo,
939 2131 979 2203 id
1006 2144 1074 2219 est,
1098 2132 1144 2204 ab

101 2266 149 2316 eo
167 2243 233 2339 qni
250 2242 455 2315 membrum
473 2243 682 2339 systematis
702 2244 780 2339 ejus
802 2268 877 2316 non
894 2256 950 2318 est
966 2277 975 2329 ;
1002 2244 1146 2317 debitor

101 2367 159 2428 est
188 2354 231 2444 is,
256 2355 318 2450 qui
345 2353 458 2426 habet
483 2378 679 2450 personam
705 2357 923 2449 systematis,
950 2380 1068 2453 neque
1095 2356 1142 2428 ad

101 2467 323 2541 solutionem
340 2478 488 2540 tenetur
503 2467 597 2540 alius
616 2467 833 2564 quicunque.
886 2470 1044 2567 Alioqui,
1062 2470 1144 2543 lite-

100 2604 226 2653 rarum
246 2603 395 2652 suarum
417 2579 641 2653 authoritate
667 2579 789 2653 facere
811 2595 947 2677 posset,
975 2593 1017 2656 ut
1044 2584 1145 2679 quic-

103 2692 195 2789 quid
212 2693 290 2789 ipse
318 2704 486 2763 mutuum
510 2692 661 2764 sumerit
680 2692 742 2765 alii
759 2693 952 2768 solverent.
1021 2697 1145 2794 Syste-

101 2806 213 2879 matis
243 2827 332 2900 ergo
364 2803 592 2876 subordinati
622 2805 827 2877 membrum
854 2806 902 2879 ad
925 2808 1146 2883 solutionem

101 2917 283 3015 pecuniae,
310 2940 420 3011 quam
447 2940 604 3012 persona
630 2919 837 3014 systematis
858 2921 1017 3015 (quoties
1034 2921 1145 2996 homo

103 3033 176 3123 ast)
206 3040 371 3103 mutuam
400 3030 609 3124 sumpserit,
637 3031 754 3103 teneri
784 3056 858 3104 nou
885 3045 1018 3129 potest.
1072 3037 1146 3118 Qui

104 3143 300 3240 pecuniam
325 3154 490 3215 mutuam
515 3142 592 3233 dat,
618 3167 702 3216 cum
731 3148 920 3242 systemati
945 3160 1141 3223 extraneus

104 3257 167 3346 sit,
201 3280 269 3353 pro
300 3256 525 3330 debitoribus
553 3257 664 3330 habet
691 3281 754 3330 eos
785 3258 882 3332 solos
909 3262 973 3356 qui
1000 3263 1139 3334 solvere

102 3370 369 3467 promiserant;
395 3393 589 3466 personam
614 3370 712 3443 enim
736 3383 903 3445 mutuum
927 3374 1143 3469 accipientis

102 3484 255 3572 nullam,
271 3495 408 3580 praeter
425 3482 539 3579 ipsius
556 3484 713 3556 hominis
740 3497 921 3575 naturam,
940 3489 1142 3582 cognoscit.

104 3597 214 3670 Solus
238 3620 327 3693 ergo
353 3596 497 3669 debitor
520 3595 551 3668 is
578 3608 646 3683 est,
666 3606 703 3668 et
730 3597 869 3670 solvere
898 3598 1008 3672 debet
1024 3602 1083 3672 vel
1101 3625 1146 3673 ex

103 3711 292 3783 communi
310 3709 493 3798 thesauro,
511 3709 569 3781 vel
587 3733 631 3782 ex
648 3711 805 3805 pecunia
822 3712 980 3807 propria.
1043 3712 1146 3785 Idem

103 3822 301 3896 dicendum
319 3833 375 3895 est
392 3821 436 3894 de
454 3822 603 3911 mulcta,
616 3822 646 3895 si
660 3823 850 3918 contingat
860 3848 1054 3920 personam
1069 3849 1145 3921 sys-

103 3936 252 4010 tematis
270 3935 510 4019 subordinati,
529 3959 638 4031 quam
655 3935 751 4030 gerit
768 3937 878 4009 homo
895 3961 1001 4026 unus,
1022 3963 1044 4011 a
1061 3963 1144 4034 per-

104 4074 198 4125 sona
210 4050 371 4124 civitatis
387 4048 545 4145 pecunia
560 4049 742 4122 mulctari.

157 4162 315 4239 Quando
332 4173 455 4234 autem
472 4185 630 4257 persona
655 4163 862 4258 systematis
888 4163 926 4236 in
953 4176 1052 4237 coetu
1075 4176 1144 4253 est,

103 4274 494 4374 debeturquepecunia
502 4277 920 4367 extraneo,tenenturad
929 4278 1147 4352 solutionem
