2926 4980
313 311 387 377 412
555 324 609 376 nu
629 326 823 378 crvrrarn
842 326 1109 378 cantarunt.

113 521 189 571 cna.
205 522 289 574 xuu.
313 492 410 566 civili
421 491 632 587 adjunctam
644 493 808 566 haberet.
836 493 941 567 Sicut
958 495 1054 568 cuim
1066 495 1112 567 ab
1127 494 1362 585 Abrahamo,

129 606 277 721 m
314 630 389 679 non
407 630 429 678 a
445 607 670 680 mercenario
687 607 805 702 poscit
817 608 915 680 Deus
927 608 1106 681 rationem
1119 607 1365 682 administra-

128 690 283 788 walnen.
314 719 425 791 tionis
453 718 605 792 dominii
633 720 688 792 sui
706 721 850 814 paterni
868 733 906 793 et
924 720 1113 818 despotici,
1130 721 1186 794 ita
1201 722 1322 795 etiam
1338 746 1364 795 a

314 830 461 928 regibus
475 841 512 904 et
529 832 679 904 summis
697 833 961 929 imperantibus
981 834 1079 908 idem
1096 835 1283 909 rationem
1295 834 1364 910 ad-

315 944 592 1017 ministrationis
610 944 800 1017 civitatum
819 968 965 1018 suarum
984 947 1117 1043 exiget,
1129 970 1242 1021 nona
1261 972 1363 1023 mer-

317 1057 483 1143 cenariis,
497 1057 563 1130 sed
580 1059 624 1130 ab
640 1057 738 1152 ipsis.

366 1171 484 1243 Locus
512 1184 664 1265 quartus
695 1182 751 1243 cst
781 1169 896 1244 Exod.
918 1170 1040 1245 xxviii.
1068 1180 1136 1246 30:
1165 1172 1295 1246 Ponet
1321 1174 1362 1248 in

316 1308 428 1357 sucro
464 1283 532 1356 illo
563 1284 758 1383 pectorali
790 1284 895 1381 juria
936 1284 1041 1358 Urim
1074 1294 1112 1358 et
1140 1284 1359 1377 Thummim,

317 1422 400 1494 quae
413 1396 491 1469 sint
503 1420 622 1493 cupra
634 1399 890 1472 corAarcnia:
904 1422 1011 1494 quem
1023 1400 1142 1472 locum
1157 1423 1180 1473 a
1194 1401 1359 1497 Septua-

317 1510 422 1604 ginta
445 1508 629 1582 rcdditum
644 1532 722 1582 esse
736 1509 826 1583 dicit
838 1535 905 1606 per
919 1512 1060 1592 tilam
1076 1510 1127 1583 καὶ
1140 1511 1307 1600 ἀλήθειαν,
1320 1515 1361 1588 id

317 1633 383 1710 est,
401 1620 623 1694 euidentiam
634 1632 671 1695 et
688 1623 905 1706 veritatem
931 1624 1017 1697 inde
1031 1637 1154 1697 autem
1165 1626 1359 1702 concludit

317 1734 499 1808 sacerdoti
524 1758 665 1808 summo
696 1736 820 1809 datam
846 1760 923 1810 esse
948 1737 1068 1811 lucem
1093 1749 1130 1811 et
1146 1737 1358 1814 veritatem.

318 1847 504 1943 Quicquid
530 1860 652 1921 autem
680 1851 889 1946 significant
920 1850 1024 1923 Urim
1059 1863 1096 1924 et
1129 1851 1358 1945 Thummim,

317 1961 551 2035 manifestum
561 1973 683 2035 tamen
702 1975 819 2035 estex
837 1987 880 2035 eo
899 1975 1016 2052 textu,
1035 1962 1122 2037 data
1139 1988 1182 2037 ea
1199 1987 1279 2038 csse
1297 1990 1360 2040 sa·

317 2074 459 2148 cerdoti
477 2099 631 2163 summo,
651 2075 687 2148 id
706 2087 773 2165 est,
791 2075 843 2147 illi
862 2076 924 2171 qui
941 2099 1120 2149 summam
1138 2077 1176 2150 in
1202 2078 1360 2154 civitate

318 2188 565 2262 Israelitarum
583 2189 711 2262 habuit
727 2201 958 2284 potestatem.
1011 2190 1148 2263 Militat
1165 2213 1253 2287 ergo
1275 2204 1359 2265 tex-

317 2313 376 2375 tus
393 2302 454 2375 hic
472 2327 613 2375 summo
627 2302 822 2398 imperanti
840 2302 937 2376 civili
956 2316 1086 2376 contra
1102 2317 1359 2399 suprematurn

318 2415 600 2488 ecclesiasticum
620 2416 803 2512 pontificis
821 2415 987 2488 Romani.

369 2530 420 2603 Ut
437 2530 568 2624 probet
593 2530 735 2624 judicia
759 2528 943 2625 pontificis
961 2529 1059 2602 circa
1076 2554 1195 2603 mores
1219 2530 1357 2605 infalli-

318 2643 405 2716 bilia
430 2667 519 2732 esse‚
547 2644 669 2716 locum
696 2644 786 2716 citat
810 2644 893 2716 Joh.
917 2644 988 2716 xvi.
1021 2651 1086 2715 13:
1116 2643 1205 2716 Cum
1231 2655 1356 2717 autem

318 2757 461 2830 uenerit
475 2755 541 2828 illc
552 2757 712 2854 spiritns
729 2757 916 2844 veritatis,
936 2758 1012 2829 duc
1025 2756 1094 2827 cicc
1107 2755 1209 2829 vobin
1227 2758 1303 2830 erit
1317 2758 1356 2831 in

319 2894 455 2942 omnem
471 2871 678 2942 ceritatem.
742 2870 834 2943 Cum
855 2869 996 2964 judicia
1010 2870 1145 2958 omnia,
1163 2881 1241 2943 tum
1266 2872 1354 2945 fidei

320 2994 398 3055 tum
423 3007 578 3072 morum,
605 2984 753 3079 regibus
780 2983 978 3072 sustulerit,
1006 2982 1094 3078 quid
1120 2983 1258 3057 habent
1276 3010 1355 3058 om·

319 3095 406 3167 nino
424 3097 523 3191 quod
539 3097 678 3170 faciant
695 3098 819 3194 reges?
885 3098 987 3172 Quas
1004 3097 1103 3193 leges
1120 3096 1250 3187 ferent,
1270 3123 1354 3172 cum

319 3209 376 3280 lcx
406 3209 507 3282 nulla
532 3211 580 3282 sit
610 3235 692 3304 quae
718 3211 858 3283 nonsit
883 3221 947 3282 aut
972 3208 1099 3304 regula
1124 3232 1280 3300 morum,
1310 3225 1356 3285 ut

319 3346 365 3394 ue
395 3323 474 3417 quis
505 3323 552 3395 sit
583 3322 777 3411 homicida,
807 3323 865 3394 vel
890 3321 961 3411 fur,
992 3322 1050 3393 vel
1085 3323 1262 3413 moechus,
1296 3324 1355 3397 vel

319 3434 488 3524 mendas,
514 3436 573 3507 vel
600 3460 741 3523 avarus,
769 3447 807 3507 et
834 3434 988 3515 similia;
1015 3446 1080 3507 aut
1112 3436 1239 3531 regula
1267 3436 1355 3510 fidei

320 3561 357 3622 ct
374 3548 493 3620 cultus
520 3546 644 3619 divini.
697 3548 770 3620 Sed
791 3549 902 3620 verba
918 3560 1040 3620 textus
1058 3548 1353 3623 consideremus:

320 3661 489 3758 Spiritum
506 3661 681 3733 veritatis
699 3661 775 3733 duc
788 3660 890 3734 cobis
903 3661 978 3734 erit
996 3662 1034 3733 in
1059 3686 1196 3734 omnem
1213 3665 1355 3737 verita-

320 3783 391 3847 tem
401 3802 416 3857 ;
442 3798 488 3846 an
514 3786 612 3847 recte
635 3773 790 3847 infertur
816 3774 902 3847 inde
927 3774 1038 3846 solius
1064 3775 1246 3870 pontificis
1276 3800 1355 3852 essa

315 3886 481 3984 judicare
523 3887 567 3961 de
602 3887 764 3960 moribus
796 3886 928 3959 civium
966 3887 1003 3959 iu
1041 3887 1187 3960 civitate
1223 3889 1353 3963 aliena.

321 4001 423 4075 Quid
440 4000 577 4073 habeut
594 4022 787 4072 commune
805 4000 946 4071 veritur
963 4012 1001 4072 et
1026 4024 1157 4073 morea.
1208 4002 1354 4077 Veritas

319 4115 512 4187 verborum
530 4125 586 4186 est
602 4125 762 4196 tantum;
789 4137 910 4186 mores
923 4125 1044 4186 autem
1062 4113 1250 4186 hominum
1268 4130 1355 4191 suut

320 4228 386 4299 sub
405 4227 544 4323 legibus
561 4227 774 4300 viventium.
827 4227 952 4300 Mores
966 4226 1089 4301 doceri
1108 4228 1256 4323 quidem
1268 4254 1354 4325 pos-
