2926 4980
298 320 370 387 530
538 335 754 389 arrnunrx
773 337 829 389 an
848 338 1104 393 nnvmrnau.

124 535 202 585 car.
216 537 240 585 t.
294 503 431 601 gloria
455 503 603 591 divina,
622 504 708 591 sive,
727 504 826 599 qnod
850 504 949 578 idem
976 517 1043 595 est,
1061 504 1188 578 lumen
1219 504 1268 579 de
1295 505 1350 580 ln-

110 617 258 717 ffi
296 616 405 700 cido;
432 641 517 689 nam
536 616 696 689 lucidum
717 628 772 691 est
797 618 1003 691 substantia
1030 619 1105 692 sive
1134 620 1352 716 subjectum

113 739 205 783 Nica-uo.

295 730 454 803 luminis.
500 730 642 802 Deinde
664 731 779 820 (Heb.
793 731 842 803 xi.
863 733 897 824 1)
918 732 1009 805 fides
1026 742 1182 806 vocatur
1209 733 1351 831 hypos-

296 845 392 915 tasis
423 867 551 916 carana
577 868 701 916 reram
727 869 822 941 qrcas
847 869 1055 943 speramus,
1081 845 1120 919 id
1141 857 1211 934 est,
1244 848 1349 939 (nam

295 956 408 1029 dictio
423 957 675 1052 metaphorica
688 961 773 1049 θεῖ),
786 958 877 1031 fides
890 970 946 1031 est
958 958 1243 1033 fundamentum
1256 962 1348 1056 spei.

295 1072 420 1143 Tertio
454 1074 494 1159 (2
514 1070 598 1143 Cor.
624 1071 672 1142 ix.
696 1072 750 1163 4),
781 1072 845 1143 ubi
877 1071 1009 1144 Paulus
1040 1072 1246 1168 apostolus,
1282 1074 1345 1170 qui

295 1184 590 1256 benevolentiam
609 1183 883 1256 Corinthiorum
907 1185 1125 1280 promissam
1143 1186 1247 1282 apud
1264 1186 1347 1259 Ma-

296 1298 454 1369 cedonas
485 1298 701 1392 jactaverat,
732 1297 1013 1393 promissionem
1043 1298 1144 1371 illam
1179 1300 1345 1397 appellat

286 1410 516 1505 jactationis
541 1435 619 1482 suta
645 1410 880 1508 hypostasim,
899 1411 937 1483 id
956 1424 1024 1501 est,
1042 1411 1343 1487 fundamentum.

345 1525 380 1595 A
385 1580 393 1595 .
422 1523 522 1604 Quid
540 1524 724 1619 significat
741 1525 939 1597 essentia?

345 1637 393 1710 B.
422 1638 561 1724 PatroS,
579 1651 622 1708 ut
649 1636 737 1724 dixi,
755 1661 830 1709 non
848 1637 1081 1732 distinguunt
1097 1639 1345 1712 assentiamur

294 1749 518 1823 substantia.

345 1865 393 1937 A.
421 1864 523 1938 Quid
539 1887 627 1959 ergo
646 1878 703 1936 est
719 1863 969 1936 substantiae

345 1978 391 2049 B.
421 1978 523 2050 Idem
556 1977 656 2073 quod
686 2002 762 2065 aas,
795 1977 834 2049 id
866 1989 933 2065 est,
962 1977 1139 2074 quicquid
1169 1992 1227 2052 est
1258 2004 1344 2054 vere

293 2092 472 2177 existens,
491 2091 707 2162 distinctum
726 2115 748 2162 a
767 2090 1038 2188 phantasmate
1054 2103 1093 2164 et
1109 2093 1269 2165 nomime.

343 2207 392 2277 Α.
421 2204 521 2279 Quid
541 2228 628 2298 ergo
646 2228 738 2300 opus
755 2214 835 2277 erat
852 2203 990 2277 Graecis
1008 2218 1047 2278 et
1059 2205 1202 2278 Latinis
1222 2207 1347 2281 detor·

293 2343 404 2414 quere
423 2319 575 2390 nomina
592 2318 679 2390 satis
697 2317 847 2413 cognita
863 2330 900 2390 et
918 2317 1106 2391 intellecta
1122 2318 1161 2391 in
1188 2322 1344 2394 nomina

292 2432 444 2520 incerta,
460 2455 616 2526 quorum
630 2430 886 2525 aequivalentia
898 2430 936 2501 in
949 2431 1077 2527 lingua
1088 2433 1252 2506 Hebraea
1266 2459 1342 2507 non

293 2546 543 2633 inveniuntur,
562 2569 681 2640 neque
702 2545 741 2616 in
765 2544 840 2616 ulla
857 2543 984 2639 lingua
1000 2558 1087 2617 sunt
1104 2547 1342 2619 necessaria?

347 2661 393 2730 B.
422 2658 581 2733 Quando
610 2657 760 2729 nomina
786 2656 1063 2752 detorquentur,
1081 2670 1122 2730 ut
1146 2683 1233 2731 cum
1258 2662 1344 2733 fita

292 2797 381 2843 voce
400 2773 448 2859 ὅν,
468 2773 579 2853 οὐσίας
607 2773 652 2842 ab
671 2773 872 2861 ὑφιςὰμθνον,
891 2772 1067 2855 drocarum
1094 2773 1139 2843 ab
1162 2783 1259 2859 ente,
1286 2798 1344 2847 eS·

293 2886 434 2967 sentia;
463 2885 688 2970 amastrae,
708 2884 937 2968 substantia;
964 2887 1010 2957 ab
1029 2885 1164 2973 album,
1183 2886 1342 2972 albedo;

293 2999 454 3071 detorsio
470 2999 531 3069 illa
549 3023 571 3069 a
588 2997 813 3094 philosophis
833 2998 968 3071 dieitur
985 2999 1198 3071 abstractio.
1228 3001 1344 3097 Prop-

293 3127 395 3183 terea
421 3135 555 3182 nomen
581 3111 619 3179 ὅν
640 3121 860 3198 concrctam,
877 3114 965 3182 οὐσία
985 3111 1246 3196 abstractum;
1276 3138 1343 3187 ens

294 3235 515 3311 concrctam,
548 3225 706 3296 essentia
734 3223 994 3306 abstractam:
1030 3226 1154 3297 album
1186 3250 1342 3299 concre-

294 3350 379 3425 tam,
414 3338 545 3410 albedo
581 3337 814 3409 abstractam
847 3339 1064 3432 appellatur.
1127 3337 1341 3433 Aliquando

292 3467 416 3524 autcm
435 3476 501 3547 pro
519 3476 609 3523 voce
628 3452 811 3523 abstracta
828 3463 984 3523 utuntur
1002 3454 1114 3524 verbo
1132 3453 1340 3537 infinitivo;

291 3578 334 3638 ut
352 3590 435 3637 cum
462 3589 529 3660 pro
547 3567 640 3634 οὐσία
659 3563 775 3636 Graeci
801 3563 930 3637 dicunt
947 3567 984 3634 τό
1002 3567 1101 3647 iwan
1129 3565 1250 3636 Latini
1270 3590 1340 3661 pro

291 3679 462 3764 essentia,
491 3702 595 3761 θεῖα
623 3676 740 3748 Gracci
766 3701 832 3771 pro
865 3679 1029 3765 λευκότης,
1050 3680 1087 3748 τό
1111 3680 1184 3747 tiva:
1208 3680 1340 3769 λευκὸν,

291 3793 349 3864 vel
377 3792 488 3864 etiam
506 3793 544 3861 τό
563 3792 689 3879 λευκὸν,
708 3790 902 3862 articulum
920 3792 958 3861 τό
976 3790 1178 3863 referentes
1195 3814 1273 3863 non
1291 3793 1340 3865 ad

292 3908 419 4003 λευκὸν,
444 3905 510 3978 sed
542 3906 589 3977 ad
617 3905 853 3976 subauditum
880 3903 991 3994 ὄνομα.
1045 3906 1140 3977 Item
1166 3904 1290 3976 Latini
1317 3929 1341 3978 a

291 4031 464 4092 concreto
480 4020 616 4106 cineae,
631 4019 856 4090 abstractum
873 4018 1015 4090 faciunt
1028 4042 1103 4091 non
1121 4016 1231 4090 modo
1245 4018 1338 4107 vita,

291 4133 355 4203 sed
374 4134 485 4205 etiam
504 4133 638 4204 atsere.
692 4132 786 4205 Quae
803 4155 912 4204 voces
938 4133 1134 4205 abstractae
1161 4130 1234 4203 dici
1252 4155 1339 4227 pos·

291 4259 398 4327 sunt;
427 4271 495 4318 nec
526 4246 693 4319 absurde.
748 4247 840 4320 Cum
866 4246 963 4318 enim
986 4247 1039 4318 rei
1057 4271 1143 4318 vere
1161 4246 1338 4318 existenti
