2926 4980
344 422 397 473 ΒΕ
418 422 609 474 crvmnru
629 422 897 476 cuursrrnnn.
1064 406 1139 472 405

104 588 292 683 speciebus
320 589 542 684 simplicibus
572 588 779 678 antedictis,
804 612 972 685 quaenam
995 587 1044 660 sit
1074 612 1138 684 op-
1161 617 1237 667 cnr.
1254 618 1339 666 xnrr.

103 700 203 787 tima,
222 701 260 772 in
275 725 317 773 eo
336 700 428 790 loco,
446 702 576 798 inquo
598 725 724 774 earum
747 725 819 774 una
848 700 1049 775 constituta
1062 701 1140 796 jam
1176 701 1328 814 „ff

102 813 160 901 sit,
188 811 375 909 disputare
401 813 503 887 nefas
531 826 608 898 est;
634 827 830 910 propterea
854 813 954 910 quod
977 837 1032 903 ea,
1057 837 1140 909 quae
1174 820 1327 866 wamma

103 927 302 999 constituta
324 939 390 1017 est,
415 929 558 1001 caeteris
583 928 751 1001 omnibus
775 927 961 1016 anteferri,
981 924 1139 1014 defendi,

103 1051 140 1111 et
157 1041 295 1136 optima
312 1042 487 1138 appellari
505 1041 636 1125 debet;
664 1041 750 1136 quia
762 1040 793 1112 is
806 1040 906 1130 civis,
920 1039 985 1136 qui
1001 1038 1140 1134 aliquid

102 1152 239 1226 faceret
262 1155 361 1250 quod
388 1155 435 1228 ad
460 1156 730 1228 subversionem
755 1156 833 1250 ejus
859 1153 1041 1242 tenderet,
1060 1166 1139 1226 tum

103 1266 201 1360 leges
227 1279 379 1356 naturae,
403 1280 482 1341 tum
505 1269 605 1364 leges
628 1269 769 1342 divinas
785 1265 1138 1364 positivasviolarct.

104 1379 296 1465 Praeterea,
314 1379 361 1453 ad
387 1391 607 1476 potestatem
637 1382 805 1477 pastoris,
835 1381 1030 1476 imperium
1065 1402 1139 1452 non

102 1491 281 1583 habentia,
300 1517 382 1588 quae
407 1492 525 1566 forma
548 1494 705 1567 civitatis
722 1494 862 1590 optima
879 1495 937 1583 sit,
956 1517 1030 1566 non
1055 1516 1139 1589 per-

102 1605 197 1677 tinet
213 1605 397 1700 inquirere
412 1637 421 1689 ;
442 1631 524 1678 cum
537 1619 715 1680 vocentur
731 1618 909 1703 pastores,
922 1631 998 1679 non
1015 1615 1057 1679 ut
1073 1606 1141 1679 ho-

103 1716 218 1790 mines
228 1731 398 1813 regerent
409 1719 573 1815 imperio,
588 1720 653 1792 sed
667 1719 835 1793 doctrina
847 1730 885 1792 et
899 1719 1138 1814 argumentis.

104 1831 320 1904 Monarchia
332 1833 441 1921 enim,
460 1833 700 1922 aristocratia,
715 1846 752 1906 ct
769 1832 1005 1920 democratia,
1023 1833 1139 1928 impe-

103 1945 273 2034 rantium,
292 1968 366 2017 non
393 1958 581 2040 pastorum
609 1947 747 2042 specics
765 1947 962 2029 denotant;
988 1944 1140 2019 veltres

105 2056 282 2147 dominos,
300 2082 374 2131 non
392 2070 466 2131 tres
483 2059 769 2156 ludimagistros.

154 2170 323 2243 Secunda
339 2195 427 2267 ergo
445 2173 643 2261 conclusio,
670 2173 715 2246 de
742 2174 881 2269 optima
907 2173 1027 2269 specie
1044 2173 1140 2268 regi-

104 2283 212 2355 minis
230 2284 403 2373 ccclesiae,
422 2285 470 2357 ad
494 2286 730 2381 quaestionem
751 2285 797 2358 dc
816 2296 998 2381 potestate
1020 2286 1140 2381 ponti-

104 2396 183 2468 ficis
211 2396 366 2469 Romani
392 2411 496 2471 extra
522 2397 723 2471 dominium
752 2401 829 2493 ejus
857 2399 1070 2493 temporale,
1087 2399 1140 2470 ni-

103 2509 156 2581 hil
184 2509 332 2581 omnino
362 2511 507 2583 attinet.
560 2510 603 2582 ln
632 2509 801 2583 dominiis
827 2510 924 2583 enim
950 2510 1140 2584 civitatum

104 2621 269 2711 aliarum,
287 2646 387 2695 mere
404 2623 633 2719 pastoritium
650 2636 718 2696 est.

153 2734 212 2807 Ad
251 2736 399 2808 tertiam
434 2737 708 2810 conclusionem
742 2736 982 2833 probandam,
1009 2761 1141 2834 nempe

106 2849 280 2922 Sanctum
304 2851 453 2923 Petrum
479 2850 641 2924 ecclesiae
665 2851 776 2922 fuisse
804 2851 1053 2940 monarcham,
1076 2849 1141 2922 ad-

105 2961 207 3034 ducit
224 2963 401 3058 imprimis
427 2963 548 3035 locum
575 2964 612 3036 S.
631 2963 765 3035 Matth.
783 2962 869 3053 (xvi.
893 2971 949 3051 18,
969 2963 1054 3058 19):
1088 2961 1144 3034 Tu

106 3100 147 3147 ea
166 3076 314 3164 Petrus,
332 3086 369 3148 et
386 3100 501 3174 super
527 3076 623 3148 hanc
633 3086 789 3174 petram
806 3075 1000 3170 aedificabo
1027 3100 1144 3148 meam

106 3187 328 3260 ecclesium:
354 3197 392 3260 et
410 3198 540 3285 portoe
571 3188 779 3285 irfferorum
810 3212 881 3260 aon
914 3188 1146 3287 superabant

106 3324 212 3372 eam:
237 3309 275 3371 et
293 3299 363 3373 tibi
381 3300 478 3374 dabo
496 3300 620 3374 claues
635 3302 751 3399 regni
759 3299 935 3374 coelorum
948 3330 961 3374 .·
987 3311 1025 3373 et
1041 3301 1144 3398 quic-

106 3411 202 3508 quid
224 3410 408 3508 ligaveris
426 3413 464 3484 ia
483 3423 602 3502 terra,
621 3414 696 3486 erit
714 3412 874 3511 ligatum
891 3414 929 3486 ia
946 3412 1052 3487 coelis
1066 3441 1080 3485 .·
1106 3422 1145 3486 et

107 3524 289 3621 quicquid
304 3525 462 3597 solveris
485 3526 523 3597 in
541 3535 660 3614 terra,
685 3527 760 3599 erit
776 3525 935 3599 solutum
960 3526 998 3599 in
1026 3525 1143 3599 coelia.

108 3637 182 3719 Qui
193 3638 296 3709 locus
314 3648 412 3709 recte
430 3637 648 3727 intellectus,
668 3638 760 3711 nihil
785 3638 886 3711 aliud
910 3640 1055 3735 probat,
1073 3637 1144 3712 nisi

107 3750 297 3823 ecclesiam
329 3749 463 3823 Christi
490 3774 557 3845 pro
583 3749 824 3824 fundamento
842 3753 990 3824 unicum
1008 3752 1144 3824 habere

107 3862 302 3935 articulum
319 3862 416 3952 fidei,
436 3887 542 3958 quem
558 3864 714 3937 Sanctus
734 3865 862 3937 Petrus
879 3865 1027 3937 nomine
1041 3887 1145 3959 apos·

108 3976 266 4048 tolorum
283 3976 344 4049 hic
354 3977 537 4072 professus
549 3988 616 4066 est,
631 4001 763 4073 nempe
776 3976 905 4050 lesum
917 4001 999 4049 esse
1015 3976 1143 4049 Caris-

109 4098 206 4172 tum;
234 4113 315 4185 quae
343 4089 520 4184 professio
552 4090 738 4164 Servatori
755 4104 882 4163 nostro
900 4114 943 4162 ea
959 4090 1071 4162 verba
1089 4089 1145 4161 di-

109 4203 216 4275 cendi
234 4203 463 4276 occasionem
476 4202 644 4299 praebuit.
697 4203 808 4279 Quod
826 4215 869 4276 ut
891 4203 1023 4276 clarius
1040 4203 1145 4276 intel-

112 4315 261 4411 ligatur,
277 4316 464 4389 sciendum
476 4330 544 4406 est,
556 4317 783 4391 Servatorem
794 4329 961 4392 nostrum
972 4339 1039 4413 per
1051 4316 1146 4413 seip-
