2926 4980
172 351 245 420 442
414 366 469 419 nu
488 365 682 419 crvmurn
702 361 971 417 onmsrmus.

12 569 39 619 r.
58 568 159 619 xnru.
172 552 231 615 ter
256 552 362 614 notas
389 552 427 613 et
453 541 559 637 signa
583 565 648 637 per
674 565 768 637 quoe,
787 565 872 614 cum
887 539 1046 629 veniret,
1066 539 1222 635 agnosci

12 650 318 771 ffimpossen
357 655 542 744 nimirum,
575 654 675 751 quod
703 665 799 728 esset
827 678 872 727 ex
902 653 1019 750 stirpe
1051 651 1223 740 Doridis,

12 768 380 887 immi-nasciturus
415 768 454 840 in
483 767 712 857 Bethlehem,
742 791 789 841 ex
818 767 973 863 virgine,
1002 765 1224 862 faceretque

12 909 151 953 :nm
173 905 307 977 magne
333 881 521 954 miracula.
574 880 732 955 Credere
749 904 838 976 ergo
856 881 983 953 lesum
1000 903 1084 953 esse
1103 880 1224 968 illum,

172 994 261 1068 satis
278 1007 358 1067 erat
374 994 550 1067 advitam
564 1005 760 1077 aetemam3
777 995 971 1090 plusquam
985 1006 1116 1065 sutem
1132 994 1224 1066 satis

173 1107 418 1181 necessarium
435 1131 510 1181 non
528 1118 595 1180 est.
632 1108 681 1179 Et
697 1130 764 1202 per
781 1128 1020 1202 consequens
1038 1106 1224 1179 articulus

173 1220 234 1292 ille
252 1221 349 1293 solus
366 1220 591 1292 necessarius
603 1229 670 1292 est.
708 1219 801 1292 Item
815 1219 1001 1292 lohannes
1013 1217 1108 1291 dicit
1122 1218 1223 1316 (esp.

173 1333 222 1405 xi.
241 1334 330 1427 26):
360 1333 538 1431 Quisquis
555 1332 656 1421 vivit,
675 1341 713 1405 et
737 1332 861 1404 credit
886 1332 924 1404 im
949 1356 1016 1419 me,
1043 1355 1120 1404 nom
1147 1356 1224 1404 mo-

173 1446 294 1519 rie'trcr
312 1446 351 1518 im
374 1455 559 1518 aeterrmm.
624 1444 698 1518 Sed
728 1443 877 1517 credere
903 1447 941 1516 in
958 1444 1100 1533 Jesum,
1119 1444 1223 1519 idem

175 1572 232 1631 est
249 1558 348 1654 quod
364 1558 513 1631 eredere
539 1557 665 1631 Jesum
692 1582 775 1631 esse
795 1556 986 1629 Christum
1001 1584 1016 1640 ,·
1042 1568 1087 1630 ut
1104 1582 1225 1655 oppa·

174 1689 232 1744 ret
252 1677 312 1763 (ex
324 1694 417 1743 vers.
432 1673 505 1763 27),
519 1671 582 1743 ubi
596 1671 754 1743 Marthae
773 1669 863 1742 dicit
881 1669 1065 1757 Christus,
1086 1671 1224 1745 credis

173 1783 278 1857 hoc?
319 1783 368 1856 Et
385 1783 447 1856 illa
464 1784 673 1880 respondet,
688 1784 801 1856 etiam
820 1782 991 1873 Domine,
1008 1807 1082 1881 ego
1101 1784 1224 1858 credo

174 1906 212 1969 te
229 1920 311 1969 esse
332 1897 521 1970 Christum
538 1896 786 1993 illumfilium
804 1896 893 1984 Dei,
910 1895 976 1993 qui
993 1896 1032 1968 im
1044 1896 1224 1970 merndum

173 2020 349 2083 venturus
375 2020 472 2083 erat.
526 2010 632 2083 Solus
658 2034 746 2105 ergo
764 2009 811 2082 sd
830 2009 984 2082 salutem
1003 2009 1140 2082 sufficit
1159 2035 1223 2084 ar-

172 2124 305 2197 ticulus
322 2124 382 2197 ille
399 2148 506 2197 unus.
558 2124 652 2197 Item
669 2124 753 2197 Joh.
774 2148 833 2196 xx.
853 2133 894 2196 31
916 2154 925 2207 ;
952 2121 1049 2195 Hoec
1063 2123 1223 2221 scripta

171 2248 256 2311 sumt
279 2246 320 2309 ot
337 2237 507 2310 credatis
525 2236 651 2310 Jesum
669 2260 751 2309 esse
771 2235 974 2319 Christum,
979 2233 1109 2329 sitium
1125 2234 1223 2325 Dei,

171 2360 209 2423 et
224 2360 263 2423 ut
275 2350 471 2424 credentes
484 2350 597 2423 ritum
611 2349 784 2423 habeatis
790 2372 867 2445 per
881 2372 1008 2420 nomem
1020 2349 1112 2442 ejus.
1142 2349 1222 2422 Ubi

171 2486 295 2537 rursus
310 2463 459 2537 eredere
475 2463 601 2536 lesum
618 2488 700 2535 esse
720 2462 921 2550 Christmn,
949 2463 1116 2534 sufficere
1142 2463 1221 2558 sig-

170 2577 341 2650 nificatur
358 2578 405 2651 ad
429 2578 540 2650 vitam
566 2591 743 2651 aeternam
770 2574 1019 2648 obtinendam.
1072 2574 1220 2648 Rursus

175 2698 189 2762 l
212 2691 296 2765 Joh.
316 2692 362 2764 iv.
383 2702 427 2765 2:
455 2691 571 2763 omittis
588 2690 761 2787 spiritns,
780 2689 845 2785 qui
868 2688 1066 2783 confitetur
1083 2685 1219 2760 lesum

174 2803 363 2876 Christum
381 2804 524 2876 venisse
542 2803 579 2875 im
598 2826 724 2890 corne,
751 2827 798 2873 eu
824 2802 906 2873 Deo
924 2810 1006 2872 est:
1033 2812 1070 2872 et
1091 2808 1105 2871 l
1128 2801 1218 2874 Joh.

170 2941 204 2989 v.
229 2925 271 2989 l:
311 2916 519 3014 quicumque
547 2915 713 2988 credidit
743 2914 871 2986 desum
900 2938 981 2985 esse
1012 2912 1217 3003 Christum,

169 3056 217 3102 ex
235 3030 317 3102 Deo
335 3038 548 3102 natusest:
575 3040 611 3101 et
629 3053 723 3101 vers,
743 3039 793 3101 5:
823 3027 916 3112 Quis
930 3037 989 3098 est
1005 3026 1071 3123 qui
1088 3025 1217 3098 vincet

170 3143 350 3231 oriundum,
362 3143 437 3216 misi
450 3142 514 3240 qui
526 3142 650 3216 eredit
663 3142 791 3214 lesum
804 3166 886 3213 esse
890 3139 1017 3234 filium
1030 3140 1137 3212 Dei?
1165 3141 1217 3212 Et

170 3256 255 3328 Act.
281 3255 353 3327 viii.
375 3263 434 3340 36,
461 3260 533 3339 37;
578 3255 781 3327 Eunuchus
811 3253 911 3327 dixit
940 3253 1134 3351 Philippo,
1168 3281 1215 3327 em

171 3393 307 3466 uquam
318 3397 332 3451 ;
351 3367 628 3465 quidprohihet
644 3393 699 3440 me
712 3365 931 3465 baptizari?
959 3364 1072 3438 Dixit
1091 3376 1214 3439 autem

170 3481 386 3578 Philippus,
404 3481 439 3552 si
457 3480 583 3553 credis
596 3505 643 3552 ex
662 3479 878 3568 totocorde,
894 3479 995 3551 lieet.
1046 3478 1215 3576 Respon-

170 3594 262 3667 dems
279 3603 399 3666 autem
418 3593 613 3681 illedixit,
633 3594 746 3666 credo
768 3593 895 3665 desum
924 3593 1113 3665 Christum
1130 3619 1214 3667 esse

159 3706 287 3803 fitium
304 3706 391 3779 Dei.
419 3706 606 3779 Articulus
625 3731 712 3801 ergo
730 3706 802 3793 hio,
817 3705 931 3778 ,lesos
949 3716 1008 3777 est
1024 3705 1212 3795 Christus,

171 3821 304 3893 sufficit
331 3819 378 3891 ad
407 3819 640 3915 baptismum,
667 3819 706 3891 id
734 3832 801 3908 est,
830 3819 877 3891 ad
904 3819 1155 3915 receptionem
1172 3819 1211 3891 in

171 3958 325 4031 regnum
342 3932 433 4016 Dei;
460 3944 497 4005 et
514 3956 580 4028 per
606 3956 844 4028 consequens
869 3931 968 4004 solus
984 3932 1213 4005 necessarius

171 4060 237 4119 est.
276 4046 398 4119 Etiam
415 4045 680 4135 universaliter,
695 4046 733 4117 in
750 4045 839 4117 locis
858 4045 1026 4117 omnibus
1044 4045 1107 4117 ubi
1122 4044 1214 4118 dicit

170 4161 341 4256 cuiquam
365 4158 658 4252 ChristuS,fldes
677 4168 742 4230 tmr
761 4167 798 4230 te
815 4157 957 4231 salvum
960 4157 1085 4254 facit,
1100 4181 1211 4231 causa

171 4273 258 4346 dicti
277 4281 333 4345 est
359 4270 538 4345 confessio
556 4270 690 4367 aliqua,
718 4295 784 4367 per
802 4295 912 4367 quam
930 4271 1070 4344 directe
1086 4271 1146 4343 vel
1164 4295 1211 4345 ex

170 4385 431 4482 consequentia
448 4382 678 4480 intelligitur,
697 4383 823 4457 lesum
842 4408 925 4457 esse
945 4382 1145 4458 Christum.
