2926 4980
321 331 397 401 260
696 346 751 402 nn
770 349 976 404 c1v1rnrn.

122 545 198 594 cnr.
210 547 309 597 xxxr.
372 515 550 603 Tertium,
568 517 687 592 Deum
704 542 779 590 non
800 519 984 591 honorant
1000 529 1179 614 qnantum
1195 530 1360 614 possunt,
1440 579 1453 594 ,

139 627 279 742 Γ
324 630 387 725 qui
410 631 554 703 finitum
575 654 654 705 esse
677 630 826 715 dicunt3
852 632 957 705 finito
985 632 1082 704 enim
1109 631 1195 705 addi
1226 642 1360 728 potest.

141 712 295 809 suffita.
322 740 505 840 Figuram
530 768 618 841 ergo
636 745 714 817 Deo
732 746 945 833 attribuere,
963 756 1018 818 est
1035 756 1164 818 contra
1183 746 1361 818 honorem

322 854 416 940 Dei;
442 869 637 954 propterea
667 858 765 954 quod
787 861 907 955 figura
926 859 1044 931 omnis
1067 860 1174 931 finita
1193 869 1261 932 est.
1312 860 1361 932 Et

322 982 473 1068 propter
489 972 644 1045 eandem
661 972 838 1045 rationem
858 983 988 1045 contra
1004 973 1182 1045 honorem
1202 972 1269 1044 Dei
1293 983 1360 1061 est,

322 1082 445 1157 dicere
463 1083 563 1180 quod
579 1084 682 1157 illum
699 1085 937 1181 concipimus
955 1084 1209 1182 imaginamur,
1223 1085 1280 1157 vel
1297 1086 1361 1157 ali-

322 1220 432 1294 quem
448 1198 526 1293 ejus
542 1197 581 1271 in
599 1198 721 1271 animo
738 1199 873 1271 habere
891 1198 1014 1271 ideam
1027 1226 1040 1270 .·
1067 1198 1240 1295 quicquid
1263 1198 1361 1271 enim

323 1310 562 1406 concipimus,
575 1310 799 1383 finitnmest.
828 1311 971 1398 Dicere,
982 1311 1083 1400 item,
1096 1312 1214 1384 Deum
1226 1321 1340 1383 totum
1346 1338 1360 1393 ;

324 1422 410 1519 quia
427 1431 542 1496 totam
559 1423 606 1496 de
626 1423 732 1495 finito
749 1434 894 1496 tantum
906 1422 1051 1495 dicitur.
1102 1424 1245 1513 Dicere,
1258 1424 1360 1512 item,

323 1536 423 1632 quod
446 1536 545 1609 Dens
565 1536 603 1608 in
626 1536 707 1608 loco
726 1537 796 1608 hoc
813 1536 871 1609 vel
893 1536 955 1608 illo
979 1549 1056 1620 est3
1083 1561 1169 1609 nam
1187 1537 1361 1632 quicquid

322 1651 361 1722 in
378 1649 460 1722 loco
477 1662 544 1738 est,
563 1649 874 1722 circumscribitur
890 1662 928 1721 et
944 1649 1089 1721 finitum
1107 1660 1172 1722 est.

375 1761 569 1851 Quartum,
588 1774 717 1835 contra
737 1761 806 1835 Dei
832 1762 1010 1834 honorem
1027 1772 1083 1834 est
1100 1761 1221 1835 dicere
1237 1763 1361 1858 plures

323 1899 402 1950 esse
420 1875 530 1949 Deos.
582 1875 691 1948 Plura
707 1875 804 1948 enim
821 1874 965 1947 infinita
982 1898 1060 1947 esse
1077 1898 1151 1947 non
1168 1888 1334 1972 possunt.

375 1988 568 2079 Quintum,
595 2000 724 2062 eontra
749 1988 928 2060 honorem
954 1987 1023 2061 Dei
1048 1998 1115 2077 est,
1139 1990 1245 2085 juxta
1275 2013 1360 2085 pro-

321 2102 440 2200 priam
450 2103 644 2175 verborum
655 2100 1055 2197 significationem,Deo
1065 2102 1265 2174 attribuere
1278 2125 1361 2198 pas-

323 2215 456 2302 sioneo,
476 2238 556 2311 qnae
575 2214 808 2287 subindicant
825 2213 1009 2297 dolorem;
1037 2224 1079 2286 ut
1094 2215 1359 2310 poenitentiam,

322 2329 427 2416 iram,
445 2328 752 2411 misericordiam
778 2327 836 2399 vel
858 2351 939 2422 quae
963 2326 1170 2423 significant
1194 2328 1361 2424 indigen-

322 2441 410 2515 tiam
428 2473 437 2525 ;
463 2454 506 2514 nt
523 2443 737 2538 appetitum,
748 2466 862 2538 spem,
877 2441 1106 2536 cupidinem
1137 2443 1195 2514 vel
1208 2443 1359 2516 faculta-

323 2565 398 2628 tem
409 2579 664 2652 quamcunque
676 2557 870 2651 passivam.
918 2555 1005 2627 Pati
1019 2555 1114 2626 enim
1128 2566 1182 2628 est
1195 2557 1361 2651 potentia

324 2668 370 2740 ab
387 2679 519 2764 agente
536 2668 608 2741 alio
620 2669 826 2740 terminata.
863 2668 992 2762 ltaque
1004 2667 1151 2763 qnando
1163 2668 1240 2741 Deo
1256 2670 1360 2742 attri-

322 2782 468 2855 buimus
491 2782 728 2871 voluntatem,
755 2806 829 2854 non
847 2780 1023 2853 debemus
1046 2806 1112 2876 per
1138 2782 1360 2856 voluntatem

323 2898 527 2993 appetitum
556 2897 770 2969 rationalem
792 2896 1006 2991 intelligere,
1021 2897 1137 2991 qualis
1158 2897 1195 2969 in
1213 2897 1360 2970 homine

324 3021 391 3098 est,
409 3009 474 3082 sed
501 3009 662 3082 divinam
688 3010 995 3105 potentiamque
1020 3010 1143 3081 omnia
1161 3034 1242 3105 quae
1265 3012 1359 3083 fiunt

324 3123 447 3196 efficit.
500 3123 685 3212 Similiter,
704 3123 765 3218 qni
780 3123 898 3195 Deum
915 3121 1053 3211 videre,
1072 3123 1223 3211 sentire,
1247 3123 1359 3212 scire,

322 3238 781 3337 iutelligeredicunt,quae
793 3241 986 3313 facultates
998 3240 1037 3312 in
1049 3239 1256 3314 hominibus
1269 3242 1359 3314 nihil

323 3352 423 3425 aliud
448 3363 534 3425 sunt
557 3377 666 3448 quam
688 3355 799 3427 animi
823 3355 869 3426 ab
893 3354 1084 3450 agentibus
1107 3355 1280 3426 externis
1294 3380 1360 3450 per

323 3467 487 3562 corporis
512 3466 662 3540 humani
681 3480 801 3563 partes
820 3468 1010 3563 organicas
1030 3467 1209 3539 excitatus
1227 3468 1359 3539 tumul-

322 3590 395 3668 tus,
413 3578 484 3651 nisi
501 3603 567 3675 per
584 3604 629 3652 ea
645 3582 757 3652 verba
768 3579 973 3674 intelligant
986 3579 1148 3652 divinam
1166 3592 1203 3652 et
1220 3581 1358 3653 incom-

321 3692 602 3789 prehensibilem
619 3694 834 3789 potentiam,
854 3694 971 3766 Deum
989 3717 1063 3766 non
1081 3694 1274 3766 honorant.

372 3806 420 3893 Is,
439 3806 501 3900 qui
518 3806 597 3878 Deo
624 3807 825 3879 attribuere
843 3830 977 3879 nomen
994 3807 1134 3879 nullum
1152 3806 1262 3878 vellet
1288 3806 1358 3878 nisi

320 3918 420 4013 qnod
446 3919 603 3991 naturali
625 3919 757 3991 rationi
783 3919 971 3991 conforme
995 3919 1053 4008 sit,
1072 3919 1280 3991 nominibus
1304 3919 1359 3992 uti

320 4031 430 4104 debet
454 4031 512 4103 vel
539 4031 730 4127 negativis,
759 4032 796 4103 iu
825 4033 937 4122 nitus,
964 4042 1135 4119 cateruas,
1154 4032 1358 4129 incompre-

318 4143 534 4229 maritum
552 4146 610 4217 vel
621 4145 862 4240 superlativis,
874 4159 916 4218 ut
927 4145 1143 4235 altissimus,
1158 4147 1357 4228 marimum

318 4258 374 4330 vel
393 4258 604 4347 indefinitis,
623 4270 668 4330 ut
687 4256 812 4347 bonae,
822 4259 964 4353 justus,
980 4268 1145 4345 sanctus,
1168 4257 1331 4331 Creator
1342 4285 1357 4339 ;
