2926 4980
188 309 189 313 Ν
317 352 884 408 nrrnunrxanuavrsrusu.
1044 335 1116 403 519

71 518 240 616 genitum
257 531 325 610 est,
343 547 367 594 u
383 521 534 621 Spiritu
550 523 691 597 Sancto
704 535 773 598 est.
801 522 912 599 Quod
929 521 981 596 ita
998 530 1117 610 sonat,

1167 547 1244 599 CAP.
1279 548 1303 601 1.

1157 630 1303 665 ω-Ὗ-ω

74 632 159 705 acsi
175 634 331 728 Spiritus
343 636 500 710 Sanctus
511 650 607 710 esset
620 638 701 711 Filii
711 636 914 734 genitor,id
924 635 1116 723 est,Pater.
1155 687 1299 746 mbo„

124 746 173 818 B.
201 746 328 821 Quid?
356 749 489 823 Nonne
508 750 665 847 Spiritus
679 749 749 822 Dei
767 761 823 824 est
835 750 947 837 Deus,
967 758 1005 821 et
1020 746 1119 820 idem

75 857 174 931 Deus
195 883 279 933 oum
298 860 388 934 Filio
406 875 445 935 et
462 862 595 936 Patre?

125 970 174 1045 A.
202 973 398 1048 Quomodo
415 999 504 1073 ergo
519 976 798 1073 distinguuntur
813 976 1031 1072 hypostases
1046 972 1059 1044 i

126 1085 174 1158 Β.
203 1086 333 1182 Neque
348 1088 386 1160 in
404 1089 582 1185 symbolo,
600 1113 720 1186 neque
737 1090 776 1162 in
794 1089 988 1185 Scriptura
1005 1087 1119 1161 Sacra

78 1197 356 1294 distinguuntur
373 1214 437 1275 aut
453 1203 693 1277 nominantur
710 1214 784 1275 tres
801 1202 1028 1299 hypostases.

126 1313 174 1385 Α.
203 1312 277 1386 Sed
305 1314 542 1388 inveniuntur
563 1327 639 1389 tres
665 1317 880 1413 hypostases
898 1314 936 1387 in
953 1312 1117 1411 symbolo

76 1426 281 1517 Athanasii,
300 1451 383 1522 quae
399 1453 484 1525 pars
502 1441 558 1503 est
576 1431 752 1527 Liturgiae
765 1429 992 1525 Anglicanae.

126 1541 176 1613 B.
204 1539 248 1612 In
259 1540 389 1645 Graepo
401 1542 548 1638 quidem
559 1543 791 1642 hypostasis,
804 1542 843 1615 in
854 1542 987 1616 latino
995 1553 1117 1616 autem

78 1663 116 1727 et
132 1653 336 1749 Anglicano
347 1678 518 1752 persona
536 1669 602 1729 est.

127 1767 175 1838 Α.
203 1766 258 1840 De
273 1768 422 1840 vocibus
433 1768 663 1866 hypostasis,
670 1791 851 1866 persona,
862 1767 1117 1857 subsistentia,

77 1878 229 1975 aliisque
260 1880 384 1954 multis
414 1883 578 1972 vocibus,
604 1894 693 1955 tunc
719 1882 955 1976 interrogabo
972 1892 1009 1953 te
1035 1906 1119 1955 cum

78 1993 283 2089 symbolum
318 2007 438 2066 totum
472 1994 722 2091 explicaveris.
786 1994 879 2066 “Et
907 1995 1121 2069 resurrexit

80 2107 197 2179 tertia
230 2107 305 2196 die,
335 2107 534 2180 seeundum
560 2107 798 2205 Scripturas,
816 2117 854 2180 et
881 2106 1054 2179 aseendit
1081 2107 1120 2179 iu

78 2220 219 2310 coetum,
232 2220 296 2293 ubi
312 2221 420 2294 sedet
434 2220 489 2293 ad
504 2222 678 2295 deutrum
697 2220 785 2294 Dei.
812 2219 868 2293 Et
885 2219 1019 2292 iterum
1036 2243 1121 2292 oeu-

79 2343 185 2405 turus
212 2341 269 2404 est
297 2358 377 2405 euru
404 2332 537 2431 glorio
557 2332 740 2429 judicare
764 2333 865 2406 uiros
889 2342 928 2405 et
945 2342 1120 2421 mortuos,

79 2447 185 2541 eujus
201 2446 315 2543 regui
335 2471 406 2518 nou
431 2446 622 2542 estfluis.'’
676 2447 768 2519 Haeo
786 2447 919 2534 omnia,
934 2446 1064 2535 fateor,
1082 2443 1121 2517 in

81 2557 277 2653 Scripturis
304 2571 401 2648 sunt,
420 2569 457 2632 et
483 2558 631 2655 quidem
656 2557 786 2630 eodem
814 2582 924 2633 sensu
942 2581 1015 2654 qno
1035 2571 1122 2631 sunt

80 2670 118 2743 in
145 2671 322 2767 symbolo.
374 2675 398 2709 “
417 2672 491 2745 Ubi
510 2672 619 2745 sedet
646 2672 701 2744 ad
725 2672 900 2746 deutrum
917 2671 1028 2761 Dei,“
1046 2695 1122 2745 non

80 2784 246 2880 intelligo
265 2797 307 2858 ut
325 2783 371 2856 de
388 2785 661 2882 comparatione
678 2785 841 2875 honoris,
853 2784 919 2858 sed
934 2798 977 2857 ut
991 2784 1037 2858 de
1055 2784 1121 2859 ho-

79 2921 169 2970 nore
186 2899 358 2971 maximo.
389 2903 412 2937 “
423 2898 478 2972 Et
490 2899 529 2972 iu
540 2898 723 2997 Spiritum
737 2900 913 2971 Sanctum
926 2898 1122 2972 Dominum

80 3020 118 3084 et
134 3011 410 3105 vivificatorem,
429 3013 494 3110 qui
511 3038 559 3086 eu
576 3012 697 3085 Patre
714 3011 887 3111 Filioque
905 3010 1121 3111 procedit.‘’

81 3123 243 3197 Ostende
269 3148 314 3196 ex
346 3125 545 3222 Scripturis
575 3124 708 3212 Sacris
741 3126 918 3222 Spiritum
946 3126 1122 3199 Sanctum

1156 753 1247 798 Nieeno.

81 3260 160 3310 esse
178 3236 378 3310 Dominum
405 3248 444 3311 et
466 3238 743 3328 vivificatorem,
769 3239 808 3312 id
833 3250 900 3329 est,
927 3239 1058 3329 Deum,
1084 3251 1123 3313 et

82 3350 184 3446 qnod
200 3351 376 3447 procedat
394 3353 507 3425 etiam
524 3376 546 3448 a
564 3350 667 3424 Filio.

131 3464 181 3536 B.
209 3463 344 3552 Primo,
356 3462 455 3537 idem
472 3463 583 3536 Filius
598 3463 668 3536 Dei
685 3462 820 3536 dicitur
836 3463 983 3561 genitus
1000 3487 1023 3536 a
1041 3464 1123 3560 Spi-

81 3577 156 3649 ritu
169 3576 237 3649 Dei
253 3577 405 3671 (Matth.
418 3577 441 3649 i.
454 3576 532 3670 20).
559 3576 702 3649 Deinde
716 3576 806 3649 dicit
814 3578 887 3650 Job
904 3577 1044 3669 (xxxiii.
1056 3580 1096 3671 4)
1112 3605 1120 3650 :

84 3689 253 3789 Spiritus
271 3689 456 3787 Deiseoit
473 3715 548 3773 rue,·
567 3701 606 3763 et
626 3689 739 3782 (xxvi.
758 3693 817 3784 13)
837 3719 846 3762 :
866 3689 1035 3788 Spiritus
1046 3690 1124 3763 Dei

82 3803 228 3875 creauit
246 3804 370 3876 eoelos.
424 3803 535 3878 Quod
552 3815 677 3877 autem
694 3803 872 3900 procedat
888 3815 966 3876 tam
979 3828 1002 3875 a
1019 3804 1122 3893 Filio,

83 3940 193 4013 quam
210 3941 232 3989 a
249 3917 367 4007 Patre,
385 3916 619 3991 manifestum
638 3930 695 3990 est
712 3940 758 3990 ex
775 3941 831 4006 eo,
843 3916 942 4012 qnod
956 3916 1122 3991 Christus

84 4028 174 4102 dicit
189 4028 287 4122 (Joh.
301 4054 361 4102 xv.
377 4032 439 4124 26)
456 4054 527 4127 ego
539 4030 642 4103 vobis
655 4031 800 4103 mittum
819 4030 1073 4120 Paracletum,
1086 4043 1123 4104 et

84 4165 129 4214 ex
155 4166 199 4215 eo
218 4141 328 4239 quod,
347 4166 431 4215 oum
448 4144 606 4239 spiraret
629 4144 668 4216 in
698 4144 896 4240 apostolos,
915 4143 1008 4217 dixit
1025 4145 1058 4233 (J
1062 4143 1122 4216 oh.

84 4278 144 4327 xx.
163 4265 224 4345 22,
239 4259 303 4349 25)
318 4254 482 4353 accipite
493 4253 676 4353 Spiritum
690 4255 878 4330 Sanctum.
908 4256 1009 4330 Nota
1020 4255 1122 4342 illud,
