2926 4980
362 393 921 447 oucrvrrsruonnrsrraun.
1018 429 1023 437 .
1090 375 1163 441 319

120 563 250 660 gratia,
270 563 300 635 si
325 563 405 657 quis
428 562 538 650 dicat,
558 560 656 656 quod
672 573 757 656 post
775 572 876 632 certa
892 558 1005 630 verba
1021 557 1068 629 ab
1085 554 1165 652 ipso
1210 586 1347 636 xxxvii.

120 677 263 773 prolata
281 699 389 769 super
406 675 559 746 buccam
576 674 693 768 panis²
711 697 785 745 non
812 673 860 744 sit
877 670 1031 766 amplius
1048 671 1165 766 panio,
1195 669 1360 784 θῶ

122 790 187 863 sed
214 791 312 863 Deus
329 790 386 862 vel
403 789 525 876 h0m0‚
545 788 614 860 etsi
632 788 758 875 oculis,
779 799 819 858 ut
837 784 1050 880 anteponis
1064 783 1166 856 vide·
1194 809 1303 847 eteomu
1315 815 1364 844 uso

123 917 231 988 atur;
260 928 369 975 causa
387 903 487 975 nulla
505 914 560 974 est
583 925 648 974 cur
670 900 751 996 quis
778 900 831 972 ita
855 898 995 971 factum
1019 898 1167 970 realiter

122 1042 199 1090 esse
230 1030 347 1114 putet,
374 1040 493 1112 neque
519 1016 623 1088 illum
647 1015 787 1100 timeat,
806 1013 923 1086 donec
949 1036 972 1083 a
997 1012 1076 1083 Deo
1101 1033 1169 1106 per

123 1133 237 1220 illum,
256 1133 319 1227 qui
333 1131 455 1203 locum
474 1132 551 1225 ejus
565 1131 603 1201 in
622 1130 771 1201 civitate
789 1139 901 1213 tenet,
919 1138 1042 1198 utrum
1061 1125 1168 1197 reali-

123 1258 179 1317 ter
195 1245 334 1317 factum
352 1245 400 1316 sit
425 1267 552 1330 necne,
575 1241 803 1337 inquisierit;
843 1253 881 1313 et
903 1240 1083 1336 siquidem
1108 1239 1168 1311 ille

122 1369 246 1451 negat,
263 1368 352 1428 tunc
379 1356 545 1448 sequitur
571 1355 609 1426 id
634 1353 733 1447 quod
759 1377 781 1424 a
810 1353 914 1424 Mose
942 1351 1082 1424 dictum
1113 1363 1170 1424 est

127 1470 252 1559 (Dent.
270 1469 369 1540 xviii.
389 1473 464 1560 22),
484 1479 620 1540 temere
649 1466 820 1560 loquutur
846 1475 915 1555 eet,
934 1489 1004 1537 non
1023 1464 1170 1537 timebis

124 1583 256 1662 illum·
297 1583 353 1654 sin
377 1583 517 1654 factum
544 1605 621 1654 esse
641 1580 788 1652 realiter
807 1579 919 1668 dicat,
938 1579 1170 1674 acquiescen-

124 1695 211 1767 dum
227 1709 295 1768 est.
323 1698 416 1768 Item
431 1697 468 1767 in
483 1694 688 1781 caracalla,
704 1718 785 1789 quae
799 1717 873 1766 non
888 1693 1045 1765 vidimus
1059 1692 1169 1780 facta,

125 1808 190 1880 sed
207 1809 305 1880 fama
319 1821 464 1881 tantum
478 1806 692 1895 audivimus
707 1803 932 1878 consulenda
945 1816 1001 1877 est
1016 1805 1172 1877 ecclesia

125 1921 296 2009 civitatis,
315 1921 353 1992 id
371 1932 437 2008 est,
449 1921 479 1992 is
498 1920 559 2015 qui
574 1944 753 1991 summam
771 1920 809 1990 in
828 1943 872 1990 ea
884 1919 997 1991 habet
1010 1929 1172 2014 potesta-

125 2047 213 2121 tem,
229 2058 418 2129 quousque
431 2033 539 2105 lamae
552 2032 765 2105 authoribus
780 2031 1002 2104 credendum
1017 2033 1076 2104 sit.
1107 2033 1172 2104 At-

126 2172 196 2243 que
214 2148 293 2219 haec
310 2148 381 2219 illis
399 2147 584 2242 praecipue
602 2145 696 2232 dico,
716 2146 778 2240 qui
804 2145 932 2216 vivunt
957 2145 994 2216 in
1017 2145 1171 2217 civitati-

125 2262 192 2333 bus
223 2259 450 2332 Christianis.
517 2259 638 2331 Hodie
669 2259 767 2330 enim
801 2281 847 2329 ne
879 2282 994 2329 unum
1025 2258 1172 2353 quidem

127 2373 316 2446 homiuem
339 2396 532 2467 cognosco
551 2372 611 2467 qui
637 2393 703 2465 per
728 2370 1016 2443 incantationem
1040 2371 1098 2442 vel
1124 2371 1171 2443 ad

126 2512 255 2559 vocem
272 2486 400 2558 autad
420 2485 622 2557 orationem
641 2484 799 2556 hominis
817 2508 909 2579 opus
930 2483 982 2557 ita
1007 2484 1172 2556 mirabile

126 2600 267 2673 lactum
294 2599 397 2687 vidit,
419 2610 461 2670 ut
484 2598 624 2670 homini
652 2597 888 2669 mediocriter
916 2610 1025 2670 cauto
1057 2596 1174 2669 videri

126 2726 250 2809 posset
268 2712 557 2808 supernaturale.
594 2712 759 2785 Quaestio
778 2735 866 2807 ergo
885 2711 993 2783 hodie
1010 2735 1085 2783 non
1104 2723 1172 2799 est,

127 2840 252 2899 utrum
278 2825 508 2914 miraculum,
527 2825 624 2921 quod
651 2824 820 2912 vidimus,
845 2825 902 2897 vel
927 2825 1094 2921 legimus
1113 2826 1171 2897 vel

126 2941 225 3014 fama
254 2940 470 3026 audivimus
501 2940 649 3011 realiter
678 2939 817 3011 factum
848 2939 918 3022 sit3
955 2939 1019 3011 sed
1049 2952 1173 3012 utrum

127 3052 312 3125 miracula
345 3077 426 3147 quae
449 3053 615 3149 legimus
641 3063 704 3125 aut
734 3053 832 3125 fama
859 3053 1068 3149 accipimus,
1097 3077 1172 3125 non

129 3165 203 3236 sint
220 3166 356 3260 linguae
374 3177 439 3236 aut
457 3165 588 3238 calami
606 3164 715 3237 solius
730 3188 852 3260 opera.
905 3165 947 3237 ln
967 3190 1039 3262 qua
1056 3189 1174 3261 quaes-

127 3279 241 3362 tione,
255 3302 329 3350 non
343 3279 496 3351 rationis
510 3279 568 3351 vel
582 3279 814 3351 conscientiae
827 3279 979 3374 privatae
993 3279 1174 3374 judicium

129 3405 194 3479 est,
219 3392 283 3464 sed
311 3392 474 3478 rationis,
496 3405 538 3465 ut
563 3392 651 3479 dixi,
672 3393 841 3488 publicae,
859 3392 898 3463 id
926 3406 992 3480 est,
1021 3392 1174 3464 rationis

128 3505 224 3577 illius
241 3506 399 3578 hominis
416 3506 474 3578 vel
499 3520 629 3595 coetus,
648 3530 756 3601 quem
782 3507 820 3577 in
844 3506 945 3577 omni
972 3505 1173 3602 quaestione

125 3618 288 3712 judicem
301 3631 386 3691 ante
401 3621 718 3693 constitueramus.
773 3620 919 3692 Privato
933 3633 1056 3691 autem
1071 3620 1174 3690 hom-

129 3732 192 3820 ini,
208 3734 294 3829 quia
311 3732 488 3828 cogitatio
506 3735 625 3806 omnis
642 3734 758 3806 libera
775 3745 842 3822 est,
857 3733 1006 3804 credere
1024 3732 1083 3803 vel
1101 3755 1175 3804 non

130 3845 291 3934 credere,
322 3870 404 3941 quae
431 3870 499 3940 pro
523 3847 717 3919 miraculis
747 3847 949 3943 approbata
973 3859 1069 3935 suut,
1088 3846 1176 3917 libe-

129 3984 211 4031 rum
241 3984 384 4055 semper
408 3972 473 4048 est,
492 3973 602 4056 atque
631 3961 676 4034 de
695 3962 764 4033 illis
788 3960 953 4056 judicare
971 3961 1070 4032 intra
1090 3983 1175 4055 pec-

131 4085 190 4144 tus
208 4098 325 4160 suum,
343 4086 453 4169 prout
470 4075 703 4146 narrantibus
721 4076 858 4146 bonurn
876 4073 961 4145 inde
978 4086 1176 4169 proventu·

131 4209 212 4257 rum
230 4186 288 4258 vel
306 4210 380 4258 non
393 4200 657 4281 proventurum
676 4200 744 4274 est,
762 4187 902 4259 licitum
921 4199 986 4259 est.
1038 4187 1175 4260 Verum

132 4300 279 4394 quando
303 4300 350 4372 ad
368 4300 453 4372 fidei
479 4301 743 4373 confessionem
761 4312 912 4373 ventum
933 4301 1015 4391 erit,
1033 4300 1178 4396 privato
