2926 4980
360 369 413 420 on
433 369 625 423 crvrrxru
645 369 913 423 cnmsrranx.
1080 354 1152 420 345

122 534 358 618 miraculum
384 548 458 609 uta
474 537 578 610 Mose
596 550 848 634 expectarunt,
862 560 937 611 nou
953 535 1070 610 solum
1087 557 1152 607 an·
1190 565 1268 615 cip,
1282 563 1337 614 χι,

121 657 268 741 tequam
280 648 428 721 obedire
440 648 644 740 voluerunt,
659 651 724 724 sed
736 651 846 725 etiam
858 659 1053 747 postquam
1065 648 1153 722 obe-
1179 645 1350 763 {tsi

124 759 201 832 dire
219 784 257 832 se
271 761 503 857 obligassent.
531 762 645 859 Signa
661 775 783 837 autem
797 776 835 836 et
851 763 1026 836 miracula
1041 763 1152 834 finem
1180 732 1263 827 os'tn
1283 729 1351 824 liii

122 872 271 961 habent,
288 874 408 969 fidem
421 875 576 972 facere,
604 901 678 949 non
696 876 819 972 fidem
837 898 1003 949 servare.
1054 874 1152 947 Nam
1177 844 1352 956 ifflaffi.

123 987 234 1059 fidem
264 1011 408 1061 servare
440 988 650 1085 obligantur
678 990 843 1063 homines
874 989 955 1086 lege
984 987 1153 1061 naturali.
1179 976 1353 1100 {fflffl

124 1100 271 1187 Verum,
290 1101 321 1173 si
338 1125 489 1175 summae
505 1103 698 1197 potestatis
711 1126 784 1176 non
802 1100 1017 1175 exercitium
1039 1100 1155 1174 consi·

126 1211 381 1301 deraverimus
400 1215 464 1288 sed
472 1217 544 1311 jus,
558 1215 693 1288 mansit
710 1239 851 1288 summa
867 1225 1028 1312 potestas
1046 1214 1156 1287 etiam

128 1338 217 1399 tunc
243 1327 280 1398 in
299 1350 439 1400 summo
458 1329 658 1401 sacerdote.
712 1330 950 1425 Quaecunque
968 1350 1055 1423 ergo
1072 1326 1158 1400 obe-

130 1438 265 1512 dientia
287 1440 471 1535 judicibus
496 1441 580 1530 illis,
598 1441 702 1536 quia
728 1441 806 1515 Deo
833 1440 881 1514 ad
905 1439 1158 1512 liberationem

126 1551 251 1647 populi
276 1552 331 1624 sui
359 1577 379 1625 e
403 1578 513 1626 manu
540 1555 701 1627 hostium
730 1553 1018 1627 extraordinarie
1051 1552 1159 1625 electi

127 1678 243 1753 erant,
260 1666 423 1760 praestita
439 1665 562 1752 fuerit,
579 1666 616 1739 iu
634 1680 890 1762 argumentum
916 1666 1012 1738 trahi
1030 1678 1160 1738 contra

127 1778 258 1850 summi
276 1779 473 1852 sacerdotis
493 1803 672 1851 summam
695 1791 916 1874 potestatem
933 1802 1008 1851 non
1024 1789 1158 1874 potest,

127 1912 245 1986 neque
264 1890 301 1962 in
318 1891 426 1963 rebus
446 1891 615 1986 politicis,
635 1915 752 1987 neque
770 1892 807 1964 in
834 1890 977 1964 divinis.
1028 1891 1159 1987 Neque

128 2003 224 2075 enim
239 2003 382 2098 judices
400 2004 464 2091 illi,
479 2027 597 2100 neque
614 2005 692 2101 ipse
707 2004 853 2077 Samuel
867 2004 976 2077 aliam
999 2014 1159 2100 potesta-

129 2129 203 2189 tem
220 2117 359 2205 habuit,
372 2142 479 2212 qoam
495 2117 819 2191 extraordinariam
834 2129 871 2191 et
881 2116 1136 2212 temporariam
1149 2146 1158 2199 ;

128 2228 389 2326 obeditumque
406 2230 569 2303 illiserat
586 2256 608 2304 a
625 2231 770 2327 populo,
789 2255 864 2303 non
881 2254 927 2302 ex
945 2228 1079 2316 debito,
1096 2226 1160 2299 sed

129 2366 175 2415 ex
201 2345 404 2416 reverentia
429 2368 538 2440 quam
562 2345 690 2440 genuit
716 2344 848 2417 inillis
874 2343 995 2440 gratia
1025 2340 1158 2430 divina,

129 2456 167 2527 in
185 2480 310 2528 eorum
326 2457 532 2552 prudentia,
549 2456 776 2545 fortitudine,
801 2457 858 2529 vel
881 2454 1067 2541 felicitate,
1086 2455 1160 2527 elu-

129 2591 288 2642 cescens.
317 2570 506 2643 Hactenus
524 2594 612 2666 ergo
626 2572 685 2666 jus
703 2570 807 2643 civile
826 2581 863 2643 et
873 2569 1160 2644 ecclesiasticum

130 2683 284 2754 extitere
304 2682 568 2778 inseparabilia.

179 2794 370 2867 Judicibus
396 2819 601 2868 successere
627 2819 742 2892 reges,
769 2807 807 2868 et
833 2796 929 2868 sicut
946 2806 1033 2868 ante
1049 2793 1088 2866 in
1106 2817 1162 2866 sa-

46 2932 54 2947 ·
131 2906 350 2996 cerdotibuS,
364 2907 418 2979 ita
433 2932 531 2981 nuuc
549 2908 750 2981 authoritas
775 2919 931 3004 utraque
955 2907 993 2979 in
1019 2907 1163 3003 regibus

131 3044 210 3093 esse
236 3020 358 3116 coepit.
410 3020 569 3116 Populus
594 3021 691 3093 enim
714 3021 844 3116 jugum
861 3020 930 3092 Dei
943 3021 1018 3116 jam
1037 3043 1164 3093 excus-

133 3144 276 3216 serant;
305 3131 472 3204 sacerdos
493 3156 655 3205 summus
677 3132 794 3204 vicem
812 3131 881 3205 Dei
906 3155 981 3205 non
1010 3132 1165 3229 amplius

132 3245 315 3318 sustinuit.
368 3244 566 3317 Mutationi
591 3245 778 3341 regiminis
803 3245 903 3318 Deus
919 3244 996 3342 ipse
1014 3269 1166 3319 consen·

133 3359 191 3430 sit.
219 3356 377 3429 Samueli
394 3356 550 3452 populus
572 3358 603 3447 (l
628 3358 723 3430 Sam.
742 3357 816 3430 viii.
836 3360 873 3453 5)
898 3358 1059 3430 dixerat:
1086 3356 1166 3430 Fac

132 3469 237 3542 nohis
248 3492 375 3566 regem
387 3469 452 3565 qui
463 3470 692 3565 nosjudicet‚
707 3494 807 3543 more
820 3470 973 3542 omnium
988 3471 1165 3568 gentium.

134 3581 294 3655 Samueli
311 3594 432 3654 autem
450 3581 549 3654 Deus
567 3582 660 3656 dixit
688 3591 796 3676 (vers
815 3585 856 3675 7)
875 3612 883 3655 z
916 3583 1020 3656 Audi
1045 3607 1165 3656 vocem

125 3694 263 3794 populi
290 3695 328 3767 io
357 3695 520 3768 omnibus
539 3721 618 3792 quc
641 3695 840 3792 loquuntur
864 3695 959 3769 tibi:
984 3720 1055 3768 non
1071 3694 1165 3769 enim

134 3820 171 3884 te
188 3809 414 3904 objecerant,
432 3809 503 3881 sed
517 3834 584 3895 me,
601 3834 646 3881 ae
663 3833 814 3906 regnem
831 3832 945 3907 super
962 3833 1036 3882 eos.
1073 3808 1166 3882 Cum

135 3947 223 4018 ergo
243 3922 362 3995 Deum
377 3922 533 4018 populus
559 3921 774 4010 lraeliticus,
801 3922 867 3994 sub
890 3945 962 4017 quo
991 3944 1166 4017 regnave-

134 4048 219 4107 rant
235 4034 367 4107 summi
381 4033 599 4121 sacerdotes
613 4035 846 4130 rejecissent;
865 4034 1018 4107 cessavit
1035 4031 1166 4106 autho-

135 4148 223 4220 ritas
240 4147 482 4235 sacerdotum,
501 4171 568 4218 nec
587 4171 631 4218 ex
651 4171 694 4219 eo
712 4158 875 4244 tempore
896 4147 1003 4220 aliam
1029 4147 1165 4220 habue-

135 4273 233 4350 runt,
247 4260 318 4334 uisi
334 4285 356 4334 a
373 4283 458 4355 rege
475 4259 709 4354 permissam;
738 4284 821 4356 quae
837 4272 947 4357 prout
963 4283 1067 4356 reges
1079 4259 1166 4334 boni
