2926 4980
163 543 241 593 CAP.
256 543 331 593 xxr.

176 623 317 658 “v-

178 682 321 758 Ile'bbortata

176 761 264 793 uuum.

366 331 433 397 164
746 344 800 395 nn
821 343 1025 397 crvrrarn.

362 513 409 588 ab
443 512 513 586 illis
542 510 681 608 primis,
716 510 777 606 qui
811 533 896 583 cum
929 534 1111 583 summum
1144 511 1399 607 imperantem,

362 650 494 723 nempe
515 648 640 717 regem
657 648 775 713 suum,
793 623 1057 719 deposuissent,
1074 649 1253 699 summam
1272 625 1401 699 Romae
1440 638 1443 645 '

363 749 584 836 potestatem
617 739 715 811 inter
745 760 783 810 se
814 737 1025 810 diviserant.
1077 738 1252 811 Lectione
1275 750 1401 812 antem

363 854 541 927 librorum
570 852 702 925 horum
732 875 755 922 a
777 850 914 923 Graecis
941 861 978 923 et
1011 850 1149 923 Latinis
1179 851 1400 948 scriptorum

362 967 502 1040 facturn
520 977 587 1056 est,
610 978 653 1038 ut
669 964 835 1037 homines
849 962 977 1052 nostri,
994 964 1040 1036 ab
1058 963 1214 1038 infantia
1231 965 1400 1061 opinion-

362 1081 444 1154 ibus
454 1080 525 1153 illis
536 1078 792 1167 innutriti,sub
804 1076 1091 1150 libertatisfalsa
1101 1077 1221 1173 specie
1232 1078 1399 1152 habitum

362 1193 512 1267 tandem
530 1191 780 1266 contraxerint
806 1189 1022 1263 tumultibus
1047 1189 1206 1279 favendi,
1233 1192 1399 1266 actiones

361 1330 490 1379 eorum
516 1307 580 1402 qui
602 1329 782 1379 summam
808 1304 946 1377 habent
966 1315 1183 1401 potestatem
1203 1308 1399 1403 repreben-

359 1418 481 1508 dendi,
497 1431 534 1492 et
554 1442 680 1492 rursus
694 1418 984 1515 reprehendendi
998 1418 1278 1513 reprehensores
1292 1421 1374 1493 illos
1388 1451 1398 1504 ;

358 1532 468 1629 idque
486 1556 571 1605 cum
588 1532 682 1605 tanti
700 1530 886 1627 sanguinis
897 1531 1084 1620 effusione,
1095 1543 1138 1604 ut
1149 1556 1235 1604 vere
1248 1534 1398 1630 possim,

357 1657 460 1742 puto,
479 1646 660 1718 affirmare
677 1668 864 1741 nunquam
883 1644 1076 1741 quicquam
1094 1657 1171 1717 tam
1195 1669 1278 1718 care
1296 1670 1398 1743 emp-

358 1771 438 1831 tum
455 1782 545 1847 esse,
564 1782 674 1853 quam
700 1759 911 1831 Graecorum
934 1757 1220 1852 Latinorumque
1251 1758 1397 1856 linguas

358 1881 525 1945 emerunt
541 1881 665 1966 partes
681 1870 740 1943 hae
763 1868 890 1941 mundi
908 1867 1162 1942 occidentales.

408 1983 461 2056 Ut
476 1981 664 2056 veniamus
678 1983 756 2079 jam
773 1982 821 2055 ad
839 2005 882 2054 ea
894 1982 932 2054 in
950 1983 1082 2078 quibus
1095 1983 1244 2056 libertas
1261 1984 1398 2058 civium

356 2119 444 2169 vera
461 2096 642 2184 consistit,
665 2096 704 2169 id
722 2108 788 2185 est,
799 2106 842 2168 ut
865 2095 1028 2169 dicamus
1051 2121 1220 2192 quaenam
1237 2097 1310 2171 illae
1335 2122 1399 2171 ac-

357 2208 475 2283 tiones
494 2223 581 2283 sunt
606 2235 699 2307 quae,
722 2212 834 2306 jussae
863 2211 971 2283 abeo
996 2210 1060 2306 qui
1089 2233 1269 2284 summam
1286 2211 1399 2285 habet

356 2333 589 2420 potestatem,
607 2334 760 2419 possunt
777 2335 900 2396 tamen
930 2324 1008 2395 sine
1038 2323 1218 2419 injustitia
1246 2335 1398 2419 praeter-

357 2437 476 2522 mitti;
504 2437 809 2511 considerandum
835 2446 902 2525 est,
921 2461 1090 2532 quaenam
1114 2438 1199 2533 jura
1224 2437 1287 2510 illa
1312 2437 1397 2525 sint,

357 2576 440 2648 quae
456 2551 496 2623 in
513 2551 661 2624 civitate
691 2549 916 2623 instituenda
946 2548 1173 2646 deponimus,
1191 2551 1279 2639 sive,
1298 2549 1397 2646 quod

357 2665 454 2738 idem
473 2676 540 2752 est,
560 2689 651 2760 quas
666 2664 854 2736 libertates
873 2662 1055 2736 nobismet
1068 2663 1155 2760 ipsis
1174 2662 1397 2758 denegemus

357 2789 459 2866 tuno,
474 2777 621 2872 quando
633 2777 796 2849 omnium
806 2776 993 2848 actionum
1006 2775 1220 2872 simpliciter
1236 2775 1397 2849 hominis

357 2891 416 2963 vel
443 2902 561 2963 coetus
587 2914 697 2986 quem
726 2912 907 2961 summum
934 2887 1100 2978 facimus
1128 2888 1301 2961 authores
1328 2912 1397 2961 nos

357 3003 511 3076 facimus
532 3002 678 3098 singuli.
731 3002 774 3073 ln
793 3001 872 3096 ipsa
883 2999 1123 3072 submissione
1137 3001 1306 3073 consistit
1318 3013 1397 3072 tum

358 3114 555 3213 obligatio,
574 3127 654 3188 tum
668 3110 838 3185 libertae.
891 3113 1021 3207 Itaque
1039 3137 1083 3185 ex
1096 3113 1225 3185 eadem
1242 3114 1396 3187 submis-

357 3228 459 3301 sione
493 3226 725 3322 obligationis
760 3235 797 3298 et
830 3225 1011 3298 libertatis
1044 3239 1264 3322 argumenta
1301 3227 1396 3299 sumi

358 3341 504 3414 debent.
556 3340 668 3413 Nulla
685 3337 782 3410 enim
792 3348 939 3410 tenetur
950 3338 1174 3434 obligatione
1192 3339 1396 3435 quisquam,

358 3478 440 3550 quae
465 3453 570 3526 osui
597 3452 710 3549 ipsius
728 3452 872 3524 actione
899 3475 974 3523 non
1005 3451 1202 3547 procedat;
1229 3477 1314 3524 cum
1330 3477 1397 3549 per

356 3580 528 3640 naturam
544 3566 711 3639 homines
736 3565 942 3637 libertatem
973 3565 1150 3660 aequalem
1177 3589 1304 3638 omnes
1331 3567 1398 3640 ha-

357 3682 458 3753 bent.
512 3678 696 3754 Quoniam
714 3689 837 3750 autem
854 3688 1070 3771 argumenta
1087 3677 1149 3750 illa
1165 3677 1223 3750 vel
1241 3679 1287 3750 ab
1309 3679 1398 3775 ipsis

356 3793 490 3882 verbis,
508 3816 651 3887 nempe,
670 3791 853 3864 actionum
871 3789 1026 3862 omnium
1044 3791 1124 3885 ejus
1143 3790 1310 3880 bortrinis,
1336 3793 1398 3865 cui

356 3931 530 3980 stammam
547 3905 741 4004 tribuimus
753 3913 993 4001 potestatem,
1011 3904 1202 3975 authorem
1214 3905 1396 4001 mesacio,

356 4021 415 4094 vel
450 4020 497 4092 ab
532 4018 739 4090 intentione
773 4018 851 4111 ejus
878 4017 941 4112 qui
968 4018 1143 4113 potestati
1171 4042 1323 4090 summae
1357 4042 1397 4091 se

357 4133 554 4222 submittit,
573 4155 655 4227 quae
682 4130 840 4202 intentio
864 4130 1082 4226 intelligitur
1103 4155 1126 4204 a
1145 4131 1219 4204 fine
1245 4141 1398 4227 propter

358 4270 467 4342 quern
484 4269 522 4320 se
540 4243 735 4334 submittit,
754 4244 931 4318 sumenda
945 4257 1052 4346 sunt;
1080 4244 1255 4341 obligatio
1272 4256 1311 4318 et
1327 4243 1397 4318 lib-
