2926 4980
343 385 560 437 nrannnrx
580 385 635 435 An
656 382 911 436 nnvmrnnn.
1076 368 1144 431 551

109 551 402 648 disputabantur,
424 564 462 625 et
492 575 537 624 ex
565 551 771 646 Scripturis
791 549 911 622 Sacris
938 547 1150 620 refutaban-
1197 579 1273 627 cnr.
1288 578 1325 628 n.

108 678 181 740 tur.
232 664 290 738 Ad
310 677 513 739 extremum
536 665 567 739 si
584 664 748 737 ecclesiae
761 663 902 759 judicio
920 661 1149 734 subscribere
1190 658 1331 766 ὦ

108 790 333 868 recusarent,
351 791 431 852 tum
448 779 596 853 demum
612 778 853 874 privabantur
876 775 1050 848 ecclesiis.
1101 774 1150 847 Et

109 891 289 989 siquidem
306 904 435 988 postea
450 892 626 990 populum
652 891 783 964 haeresi
800 913 866 962 sua
882 901 1080 985 pergerent
1094 887 1150 960 in-

109 1007 230 1094 ficere,
248 1006 287 1078 in
311 1006 460 1079 exihum
484 1005 704 1103 quandoque
720 1004 972 1076 mittebantur.
1035 1001 1150 1074 Caete-

110 1143 192 1191 rum
209 1118 262 1192 illi
280 1119 403 1209 iidem,
417 1120 448 1192 si
465 1120 585 1216 posita
602 1117 834 1191 contumacia
850 1127 978 1212 postea
995 1114 1152 1188 subscri-

110 1232 253 1319 berent,
279 1233 325 1304 ab
352 1234 573 1328 imperatore
601 1229 915 1312 restituebantur3
950 1227 1150 1322 sicutipse

110 1344 233 1430 Arius
246 1356 443 1441 postquam
459 1346 546 1419 fidei
564 1369 639 1418 suae
657 1343 922 1417 confessionem
939 1341 1152 1438 imperatori

111 1457 286 1553 scriptam
311 1457 484 1544 dedisset,
503 1482 585 1552 quae
612 1482 636 1530 a
657 1456 797 1553 judicio
821 1456 971 1528 Patrum
994 1455 1151 1550 reliquo-

110 1593 204 1659 rum,
222 1580 265 1642 ut
287 1570 499 1666 imperatori
515 1570 721 1658 videbatur,
735 1593 809 1641 non
835 1568 1077 1664 discrepabat,
1095 1590 1152 1640 re-

111 1683 263 1755 stitutus
285 1682 377 1767 fuit;
407 1694 445 1756 et
463 1682 697 1771 Athanasius
722 1681 785 1776 qui
802 1703 885 1754 eum
902 1682 1065 1777 recipere
1086 1705 1153 1754 no-

110 1796 192 1885 luit,
210 1797 257 1869 ob
284 1820 366 1869 eam
382 1821 461 1869 rem
478 1797 516 1869 in
535 1796 684 1870 exilium
701 1795 833 1866 missus
850 1807 917 1866 est.

160 1909 196 1981 Α
202 1966 209 1982 .
236 1909 459 1982 Athanasius
484 1909 546 1981 ille
580 1930 734 2002 magnus
760 1906 891 1979 summi
922 1907 1152 2002 imperatoris

111 2022 285 2096 mandato
314 2022 560 2096 obedientiam
586 2043 734 2115 negare,
755 2031 948 2115 peccatum
973 2042 1051 2091 esse
1076 2044 1151 2093 non

110 2133 282 2233 putavit?
627 2203 629 2207 .

162 2249 211 2320 B.
239 2248 297 2319 lta
324 2247 494 2330 videtur;
529 2247 609 2320 loca
643 2258 767 2318 tamen
796 2243 1022 2317 Testamenti
1054 2244 1151 2316 Novi

112 2360 185 2449 illa,
198 2360 329 2455 quihus
347 2359 556 2433 obedientia
571 2359 816 2456 potestatibus
832 2359 942 2431 etiam
960 2358 1114 2431 ethnicis
1132 2382 1155 2431 a

113 2474 259 2546 Christo
288 2486 326 2547 et
351 2473 526 2570 apostolis
546 2473 772 2570 praecipitur,
792 2473 948 2545 obscura
964 2496 1038 2543 non
1057 2482 1153 2544 sunt.

114 2586 188 2659 Sed
204 2587 426 2661 Athanasius
445 2611 519 2683 quo
536 2587 615 2660 zelo
634 2587 801 2659 haeresim
816 2587 992 2658 Arianam
1008 2585 1047 2657 in
1058 2587 1154 2659 Con-

114 2699 200 2771 cilio
218 2699 361 2773 Niceno
378 2700 488 2796 paulo
506 2713 593 2772 ante
617 2711 907 2795 oppugnaverat,
925 2698 1054 2772 eodem
1070 2723 1154 2795 pos-

112 2823 173 2884 tea
190 2811 236 2885 de
250 2813 340 2885 Ario
353 2813 580 2886 restituendo
598 2813 667 2909 ipsi
685 2814 898 2910 imperatori
916 2837 954 2885 se
972 2812 1153 2908 opposuit.

113 2927 243 3021 Neque
260 2926 394 2999 mirum
411 2925 449 2998 id
466 2926 582 2999 videri
598 2927 729 3010 debet;
757 2951 840 2999 cum
857 2926 1051 3021 theologiae
1069 2925 1155 2998 doc·

113 3050 224 3127 tores,
243 3039 330 3111 dum
357 3039 395 3111 in
422 3039 504 3111 loca
520 3039 583 3112 illa
600 3039 800 3134 Scripturas
821 3040 955 3126 Sacrae,
974 3062 1056 3135 quae
1073 3062 1155 3134 per-

114 3153 234 3225 tinent
259 3153 306 3224 ad
340 3164 560 3247 praesentem
586 3152 884 3240 controversiam,
912 3152 1155 3225 intentissime

28 3288 34 3301 ·
113 3264 325 3362 inspiciunt,
334 3265 416 3338 loca
429 3264 501 3337 alia
514 3289 596 3362 quae
611 3275 780 3360 spectant
794 3266 841 3338 ad
850 3266 936 3360 jura
947 3265 1155 3362 principum

114 3392 178 3452 aut
202 3379 438 3475 negligentia,
456 3392 521 3451 aut
548 3378 745 3474 aliquando
769 3379 880 3452 etiam
907 3378 1030 3451 studio
1056 3402 1156 3474 spre-

114 3495 233 3589 tisque
261 3493 403 3588 legibus
428 3493 609 3580 humanis,
633 3504 872 3588 praetereunt.
924 3492 997 3565 Sed
1022 3491 1078 3582 (ut
1098 3515 1155 3563 re-

115 3606 264 3679 deamus
282 3607 330 3679 ad
347 3605 604 3679 haeretieorum
621 3607 760 3700 poenas)
774 3605 962 3677 sciendum
980 3618 1048 3694 est,
1060 3605 1156 3678 inter

115 3719 363 3792 ecclesiastica
389 3718 567 3815 supplicia
591 3716 761 3790 ultimum
788 3741 866 3790 esse
889 3718 987 3814 quod
1004 3731 1157 3792 vocatur

116 3832 436 3904 anathematizatio
455 3832 529 3905 sive
547 3830 889 3917 excommunicatio,
908 3844 945 3903 et
962 3843 1158 3927 propterea

115 3946 224 4018 aliam
242 3969 387 4018 ornnem
410 3970 556 4040 poenam
583 3943 790 4039 dependere
808 3969 830 4015 a
846 3956 1028 4040 potestate
1048 3945 1156 4018 civili.

117 4060 236 4132 Causa
252 4073 376 4132 autem
400 4082 512 4153 quare
531 4059 793 4131 Constantinus
807 4070 845 4129 et
862 4059 986 4130 caeteri
1004 4059 1158 4154 impera-

116 4185 216 4246 tores
238 4171 396 4243 Romani
419 4170 551 4243 multas
567 4194 696 4267 poenas
713 4172 751 4242 in
769 4171 961 4244 haereticos
979 4173 1157 4245 eonstitu-

117 4299 237 4372 erunt,
253 4298 294 4357 ut
308 4283 467 4372 exilium,
479 4283 764 4379 publicationem
778 4285 969 4374 bonorum,
982 4286 1158 4359 librorum
