2926 4980
517 351 572 403 nn
592 351 776 403 nonina.
1117 341 1165 405 25

120 518 252 592 oculos
265 517 494 615 triangulum
504 519 651 610 viderit,
665 533 705 593 et
716 522 825 616 juxta
837 521 1063 617 triangulum
1076 521 1168 595 duos

120 632 281 728 angulos
294 644 428 723 rectos,
441 633 568 729 quales
582 645 669 706 sunt
682 633 808 728 anguli
820 634 950 730 figurae
965 635 1107 729 quadra

120 758 250 841 potest
277 757 415 836 tamen,
441 745 684 819 meditatione
709 747 992 843 contemplando
1020 772 1168 844 compa-

121 858 329 956 randoque,
363 859 531 932 invenire
563 871 639 932 tres
672 858 769 932 illius
803 860 980 957 trianguli
1013 862 1168 959 angulos

122 973 284 1068 aequales
301 997 381 1046 esse
406 972 548 1047 duobus
571 971 642 1045 illis
667 972 812 1069 angulis
837 975 948 1049 rectis
969 977 1077 1071 juxta
1100 1001 1167 1073 po-

121 1087 214 1160 sitis.
267 1087 335 1160 llle
353 1099 491 1175 autem,
510 1087 574 1184 qui
591 1109 760 1160 sermone
784 1087 962 1182 praeditus
986 1100 1055 1177 est,
1081 1113 1167 1161 cum

121 1201 428 1275 animadverterit
463 1201 711 1297 aequalitatem
745 1200 845 1272 illam
880 1213 1166 1298 consequentem

121 1338 214 1402 esse,
233 1339 312 1388 non
342 1314 566 1412 longitudini
584 1315 743 1387 laterum
768 1338 890 1410 neque
913 1315 1086 1412 cuiquam
1111 1317 1167 1389 rei

120 1428 274 1523 speciali
290 1428 331 1500 in
348 1428 547 1525 triangulo,
573 1428 638 1501 sed
655 1427 741 1501 huic
758 1439 916 1518 tantum,
935 1429 1035 1525 quod
1051 1429 1168 1502 latera

120 1552 209 1613 sunt
235 1554 351 1631 recta,
378 1551 417 1614 et
445 1541 572 1637 anguli
601 1552 688 1629 tres,
722 1552 874 1636 propter
909 1541 1009 1636 quod
1037 1543 1167 1638 figurae

120 1677 259 1726 nomen
294 1653 454 1727 inditum
488 1667 545 1727 est
583 1653 770 1749 trianguli,
808 1653 1065 1727 universaliter
1102 1679 1167 1727 un-

122 1767 325 1862 dacterque
358 1768 628 1865 pronuntiabit,
664 1765 852 1866 trianguli
890 1767 1054 1865 angulos
1087 1778 1167 1840 trec

120 1880 293 1978 aequolee
323 1906 407 1953 esce
438 1879 743 1953 duobusramis.
794 1879 917 1975 Atque
950 1881 1022 1954 hoc
1056 1881 1167 1954 modo

121 1994 389 2089 consequentia
413 1994 565 2067 inventa
590 1993 627 2065 in
653 2017 694 2065 re
720 1992 898 2088 singulari
923 1995 1169 2068 conscribitur

121 2107 170 2180 ad
197 2107 423 2181 memoriam
449 2119 491 2180 ut
517 2106 645 2203 regula
668 2105 896 2195 universalis
923 2109 1167 2204 computatio-

121 2245 283 2318 nemque
301 2220 499 2294 mentalem
519 2219 621 2293 omni
639 2219 712 2291 loci
736 2229 773 2290 et
795 2220 974 2315 temporis
1000 2221 1167 2294 conside-

121 2335 267 2409 ratione
303 2346 501 2416 exonerat;
546 2346 658 2429 atque
699 2333 863 2405 animum
907 2334 1008 2406 omni
1041 2335 1167 2408 labore

121 2449 257 2522 liberat
279 2462 416 2545 praeter
441 2449 625 2544 primnm;
652 2446 813 2541 facitque
842 2459 885 2520 nt
911 2447 1012 2544 quod
1041 2473 1168 2521 verum

122 2563 316 2635 inventum
334 2576 392 2635 est
409 2561 471 2634 tic
497 2574 536 2633 et
552 2586 660 2648 nunc,
678 2584 745 2655 pro
763 2583 850 2633 vero
869 2561 966 2633 omni
982 2560 1061 2634 alio
1079 2572 1169 2635 tem-

114 2699 219 2774 pore
236 2689 276 2748 et
293 2675 374 2747 loco
393 2688 625 2770 agnoscatur.

175 2790 382 2863 Verborum
401 2799 524 2861 autem
541 2811 629 2860 usus
647 2789 685 2859 in
704 2787 991 2884 cogitationibus
1009 2789 1171 2861 conscri-

121 2902 255 2975 bendis
270 2926 455 2997 nusquam
472 2902 525 2974 ita
541 2901 758 2974 manifestus
775 2911 842 2990 est,
866 2915 910 2974 ut
933 2902 972 2974 in
996 2902 1168 2976 numeris

124 3016 268 3089 Stultus
286 3015 386 3088 enim
408 3015 598 3104 naturalis,
624 3015 688 3111 qui
706 3013 872 3087 ordinem
890 3016 1087 3089 verborum
1104 3041 1171 3091 nu·

122 3129 329 3217 metalium,
347 3153 467 3217 onum,
480 3129 565 3216 duo,
579 3128 670 3218 trio,
686 3142 770 3216 etc,
782 3128 995 3202 memoriter
1007 3154 1171 3226 pronun-

123 3243 222 3315 tiare
244 3266 323 3315 non
339 3253 476 3337 potest,
498 3242 692 3315 observare
715 3252 840 3313 tamen
863 3255 985 3337 potest
1008 3242 1171 3338 singulos

124 3356 254 3431 ordine
284 3356 380 3428 ictus
408 3356 603 3452 horologii,
629 3366 666 3428 et
696 3378 862 3427 annuens
890 3355 1022 3445 dicere,
1049 3379 1169 3451 onum,

125 3495 243 3558 unum,
282 3494 390 3541 unum
401 3497 415 3551 ;
447 3470 513 3542 sed
544 3480 658 3566 quota
691 3469 784 3541 hora
810 3468 935 3540 sonuit
968 3467 1061 3540 scire
1095 3490 1172 3539 non

123 3593 260 3680 potest.
313 3580 469 3653 Videtur
500 3592 625 3654 autem
653 3580 766 3653 fuisse
794 3579 992 3675 aliquando
1027 3593 1172 3674 tempus

122 3696 264 3791 inquo
292 3693 442 3766 nomina
468 3693 672 3766 numeralia
700 3715 819 3788 pauca
846 3691 1033 3778 extabant,
1061 3715 1171 3786 coge-

122 3810 337 3904 banturque
353 3807 535 3896 homines,
554 3805 702 3902 quando
716 3816 964 3891 numerarent,
977 3817 1173 3877 numerata

125 3921 266 4017 digitis,
284 3919 404 4016 primo
421 3922 531 3993 unius
551 3943 691 4008 manuS,
703 3918 837 3991 deinde
848 3919 1038 3990 ambarum
1055 3918 1172 4015 appli-

124 4057 235 4117 care3
262 4046 374 4129 atque
391 4032 477 4106 inde
495 4046 623 4108 natum
649 4057 740 4120 esse,
766 4044 809 4105 ut
833 4033 947 4104 verba
969 4032 1172 4106 numeralia

125 4148 164 4220 in
186 4148 285 4219 omni
302 4147 380 4219 fere
405 4159 517 4242 gente
542 4169 618 4220 non
645 4146 867 4220 excederent
891 4144 1104 4229 denarium3
1132 4159 1172 4218 et

125 4261 165 4333 in
184 4260 365 4355 aliquibus
382 4259 488 4354 plura
514 4284 590 4333 non
617 4272 738 4333 essent
764 4283 875 4355 quam
902 4260 1075 4355 quinque,
1094 4272 1130 4331 et
1148 4284 1171 4331 a

1205 556 1283 606 CAP.
1299 557 1304 604 l

1206 637 1304 672 »Ὑ-

1155 691 1304 744 ’Deserm
