2926 4980
341 384 394 435 nn
415 383 608 437 c1v1‘rnrn
629 382 896 435 onnrsrmnn.
1065 366 1135 432 335

100 575 245 648 cunque
271 562 462 647 peccatum
488 553 566 646 ejus
591 549 721 623 redimi
746 559 881 645 potest
946 547 990 621 Id
1013 558 1136 620 autem
1172 577 1323 628 xxxvnr.

100 665 200 762 quod
217 665 316 737 Deus
332 664 547 760 plerumque
563 687 587 736 a
602 672 807 758 peccatore,
820 662 886 734 snb
901 662 1033 733 Vetere
1049 657 1319 733 res-“r“
1150 719 1185 764 m
1191 719 1350 776 apuam

99 791 277 866 tament0,
294 801 362 872 pro
391 775 534 873 peccati
560 774 811 871 redemptione
833 774 979 869 exigere
1007 773 1181 846 solitus
1150 783 1351 907 ἓοᾚᾚ

99 904 169 982 est,
195 890 414 964 sacrificium
440 902 518 963 erat
542 889 601 961 vel
628 888 777 961 oblatio.
829 888 961 960 Peccat
946 886 1018 960 tori
1040 884 1137 958 enim
1149 863 1313 968 asinaeo

99 1006 291 1102 ignoscere
322 1004 363 1093 ia,
396 1004 459 1099 qni
487 1002 658 1099 injuriam
683 1024 809 1097 passus
835 1013 903 1090 est,
930 1023 1138 1095 quanquam

100 1119 202 1191 illum
220 1117 350 1213 punire
367 1117 528 1188 minatus
546 1126 637 1198 erat,
652 1115 734 1208 jure
746 1125 892 1209 potest:
920 1137 1004 1185 cum
1027 1112 1138 1184 etiam

100 1231 198 1326 apud
210 1230 387 1317 homines,
405 1228 475 1301 etsi
491 1226 682 1323 promissio
700 1227 788 1300 boni
801 1225 1056 1322 promissorem
1074 1225 1139 1297 ob-

100 1344 191 1439 liget
207 1375 216 1426 ;
234 1343 344 1415 minae
355 1353 489 1430 tamen,
502 1342 541 1414 id
553 1353 620 1430 est,
632 1341 826 1437 promissio
843 1339 941 1429 mali,
955 1339 1139 1413 neminem

101 1457 295 1553 obligant;
327 1454 443 1527 multo
477 1455 598 1527 minus
633 1453 847 1549 obligabunt
878 1453 1007 1542 Deum,
1035 1453 1139 1549 cujus

101 1567 351 1642 misericordia
367 1577 423 1639 est
439 1567 593 1639 infinita.
647 1566 819 1639 Servator
837 1590 924 1662 ergo
942 1578 1079 1655 noster,
1097 1577 1139 1639 ut

100 1708 169 1758 nos
185 1682 394 1770 redimeret,
412 1704 488 1753 non
504 1681 558 1752 ita
573 1704 641 1776 pro
658 1678 818 1775 peccatis
835 1680 1025 1752 hominum
1038 1679 1140 1752 Patri

103 1820 171 1869 suo
198 1794 386 1881 satisfecit,
409 1802 452 1865 ut
473 1791 616 1888 punitio
638 1802 874 1887 peccatorum
890 1804 1041 1888 propter
1058 1815 1140 1864 eam

103 1932 183 1982 rem
216 1907 352 2002 injusta
386 1915 506 1988 esset;
532 1904 597 1977 sed
631 1903 849 1976 sacrificium
883 1916 1028 1977 tantum
1062 1915 1141 1977 erat

104 2045 203 2094 mors
227 2023 316 2117 ejus,
335 2043 445 2114 quam
467 2017 606 2113 placuit
624 2017 701 2089 Deo
719 2027 910 2113 acceptare
926 2041 994 2113 pro
1011 2042 1141 2112 pecea-

105 2136 152 2209 tis
169 2132 427 2231 poenitentium
457 2130 551 2203 etin
568 2130 835 2226 redemptorem
862 2154 968 2203 suum
990 2131 1141 2203 creden-

104 2251 208 2323 tium.
234 2247 283 2318 Et
299 2254 506 2341 propterea,
520 2243 726 2341 redemptio
743 2244 783 2315 in
797 2243 995 2340 Scripturis
1009 2244 1141 2335 Sacris,

105 2375 143 2435 et
159 2358 398 2453 sacrificium,
417 2369 454 2429 et
470 2355 624 2446 oblatio,
641 2367 680 2429 et
690 2356 868 2454 pretium,
890 2380 1141 2453 saepenumero

106 2475 204 2549 idem
227 2471 446 2569 significant.

441 2862 603 2935 CAPUT
627 2862 809 2936 XXXIX.

107 3037 154 3088 DE
172 3033 457 3086 slontrrcnrrons
476 3035 576 3090 QUAM
601 3035 720 3085 ΗΑΒΕΤ
739 3036 775 3086 IN
798 3035 1001 3086 scnlrrunls
1022 3036 1143 3086 stertis

419 3134 637 3186 vocassunun
655 3137 832 3186 ECCLESIA.

108 3269 312 3340 Econnsm
329 3265 368 3336 in
387 3264 585 3360 Scripturis
604 3264 724 3337 Sacris
741 3265 839 3338 varie
857 3265 1048 3361 accipitur.
1084 3266 1145 3338 In-

109 3378 254 3453 terdum
279 3402 346 3474 pro
367 3378 471 3450 domo
494 3378 583 3466 Dei,
602 3377 641 3450 id
664 3390 731 3468 est,
748 3403 815 3475 pro
843 3379 980 3476 templo
1003 3379 1042 3452 in
1073 3403 1145 3474 qno

108 3493 264 3589 populus
274 3491 343 3564 Dei
355 3490 500 3587 publice
515 3492 731 3586 congregari
745 3492 933 3564 consuevit
946 3492 993 3564 ad
1006 3493 1145 3565 cultum

110 3606 296 3688 divinum;
330 3613 373 3676 ut
393 3603 426 3693 (l
450 3603 534 3676 Cor.
551 3603 623 3675 xiv.
643 3603 708 3695 34)
729 3604 902 3678 mulieres
921 3605 959 3678 ia
977 3605 1147 3678 corlenis

111 3727 275 3792 taceant.
328 3719 372 3791 In
397 3717 469 3789 hoc
496 3738 604 3789 sensu
628 3740 651 3788 a
671 3716 839 3790 Patribus
857 3718 993 3790 Graecis
1012 3717 1146 3790 dicitur

110 3831 263 3906 ecclesia
288 3831 441 3924 Κῦριακή,
459 3828 498 3901 id
516 3840 584 3918 est,
603 3828 731 3902 domus
753 3830 913 3903 Domini.
965 3832 1150 3928 Frequen-

110 3946 248 4019 tissime
266 3953 389 4016 autem
407 3941 562 4014 sumitur
579 3942 686 4036 juxta
709 3939 830 4034 ἔτυμον.
895 3944 1024 4017 Graeca
1049 3944 1147 4016 enim

109 4083 182 4131 vox
194 4069 261 4147 est,
276 4055 531 4152 significatque
544 4067 680 4128 coetum
694 4056 883 4130 hominum
901 4067 1146 4145 evocatorum,

112 4195 253 4266 nempe,
272 4169 369 4242 cives
395 4178 649 4264 congregatos,
670 4179 707 4241 et
733 4180 903 4243 evocatos
929 4169 978 4242 ad
1003 4171 1148 4242 concio-

111 4307 196 4356 nem
231 4281 428 4378 publicam,
463 4305 485 4355 a
519 4282 749 4378 magistratu,
786 4284 986 4358 secundum
1019 4283 1148 4379 leges3
