2926 4980
510 349 566 400 nn
586 350 767 402 nourun.
1124 337 1167 402 13

176 513 236 584 Ab
272 514 504 609 ignoratione
544 517 614 589 hac
656 514 902 589 distinctionis
941 515 1167 588 somniorum
1213 550 1313 600 effi]

120 625 354 722 aliorumque
370 629 671 723 phantasmatum
686 628 894 702 vividorum
919 652 942 701 a
963 628 1103 701 visione
1128 639 1168 701 et
1180 635 1313 747 „affin

125 739 309 830 semiana,
338 743 499 816 maxima
528 767 573 816 er
602 756 708 840 parte
738 753 820 816 orta
846 753 902 816 est
931 742 1167 839 antiquorum

126 851 330 925 Gentilium
365 854 507 952 religio,
542 869 696 953 satyras,
725 855 867 945 faunos,
902 856 1094 952 nymphas,
1129 865 1167 928 et

124 964 261 1038 similia
284 967 485 1041 colentium
509 981 675 1065 spectra;
701 968 883 1066 hodieque
901 969 1037 1065 opinio,
1056 992 1167 1062 quam

125 1076 268 1152 habent
282 1080 411 1176 populi
427 1080 550 1169 rudes,
569 1082 615 1154 de
632 1082 751 1155 lamiis
768 1094 806 1155 et
822 1083 1034 1170 lemuribus,
1056 1092 1094 1154 et
1119 1080 1166 1154 de

125 1193 294 1286 potentia
316 1194 590 1290 sorcilegornm.
642 1196 739 1268 Nam
766 1197 835 1268 etsi
853 1194 1087 1290 sorcilegiam'
1100 1219 1167 1291 po-

124 1306 284 1378 tentiam
316 1306 480 1402 aliquam
513 1308 648 1380 realem
682 1332 761 1381 esse
793 1333 869 1381 non
903 1319 1041 1404 putem,
1075 1319 1166 1404 puto

125 1431 252 1491 tamen
270 1419 470 1517 sorcilegos
487 1421 610 1517 puniri
627 1422 711 1516 jure
728 1445 846 1517 posse,
862 1445 949 1494 cum
966 1421 1062 1493 mala
1077 1421 1167 1494 faci-

126 1554 222 1604 nora
237 1545 277 1605 et
292 1533 414 1606 facere
430 1558 540 1629 posse
558 1535 723 1625 credant,
741 1546 780 1608 et
796 1545 976 1608 conentur
989 1546 1168 1630 quantum

126 1658 294 1741 possunt.
347 1647 421 1720 Sed
455 1648 575 1744 ipsum
613 1649 843 1744 soreilegium
877 1671 946 1744 ego
981 1671 1056 1720 non
1091 1659 1168 1720 tam

127 1761 336 1855 potentiam
351 1783 480 1839 veram
495 1786 573 1835 esse
590 1762 713 1851 credo,
739 1773 804 1836 aut
821 1773 951 1850 artem,
968 1772 1034 1833 aut
1050 1761 1167 1834 scicn-

127 1873 231 1963 tiam,
263 1898 376 1970 quam
409 1874 624 1971 religionem
653 1876 740 1973 ipsis
772 1875 1004 1972 peculiarem.
1058 1875 1169 1949 Quod

129 1999 254 2060 autem
277 1987 326 2061 ad
346 1987 505 2061 lemures
531 2002 569 2062 et
594 1989 742 2085 spiritus
767 1989 997 2062 ambulantes
1022 1989 1167 2078 attinet,

129 2100 268 2196 opini0‚
286 2125 371 2196 quae
388 2101 435 2174 de
451 2101 522 2174 illis
545 2102 722 2176 hactenus
749 2101 876 2186 valuit,
903 2101 949 2175 de
974 2101 1166 2190 industria,

130 2223 233 2307 puto,
252 2213 392 2287 tradita
408 2213 480 2286 fuit
496 2214 554 2286 vel
570 2237 645 2287 non
664 2214 853 2287 confutata
875 2214 923 2288 ad
939 2239 1045 2288 usum
1063 2239 1168 2288 exor-

130 2326 342 2416 cismorum,
369 2336 407 2400 et
432 2327 681 2423 signationum
706 2329 811 2423 signo
838 2328 968 2415 crucia,
999 2341 1038 2399 et
1063 2352 1168 2423 aquae

41 2472 49 2487 ·
130 2438 348 2528 benedictae,
374 2439 601 2536 aliarumque
627 2440 798 2513 similium
824 2441 1076 2513 inventionum
1102 2440 1169 2514 ho-

132 2552 273 2625 minum
290 2552 535 2649 spiritualium
551 2553 815 2626 sustinendum.
858 2553 1021 2625 Dubium
1044 2565 1168 2626 tamen

132 2688 206 2737 non
224 2677 294 2754 est,
312 2665 402 2760 quin
419 2665 675 2761 phantasmata
690 2665 981 2762 supernaturalia
993 2666 1072 2737 fieri
1085 2689 1169 2763 pos-

133 2780 208 2853 sint
236 2805 260 2853 a
289 2780 395 2863 Dco;
431 2779 530 2875 quod
559 2791 683 2853 tamen
713 2779 752 2852 id
780 2780 833 2852 ita
863 2802 958 2873 saepe
992 2778 1092 2867 facit,
1126 2791 1169 2851 ut

133 2891 298 2965 timenda
320 2892 396 2964 sint
417 2893 533 2988 magis
562 2917 673 2988 quam
698 2891 854 2965 cessatio
879 2891 1078 2965 mutatiove
1103 2916 1195 2965 na·-

133 3017 240 3095 turae,
262 3027 372 3101 quam
390 3004 489 3078 Deus
514 3005 625 3078 etiam
650 3004 777 3078 sistere
794 3005 852 3077 vel
868 3016 1012 3077 mutare
1034 3016 1168 3102 potest,

133 3118 219 3191 fidei
250 3117 470 3190 Christianae
503 3117 680 3190 articulus
706 3140 782 3189 non
809 3129 885 3200 est;
913 3117 978 3190 sed
1003 3117 1169 3190 homines

134 3231 303 3327 improbi,
334 3253 380 3302 ex
411 3253 455 3302 eo
487 3229 585 3325 quod
614 3229 715 3302 Deus
742 3239 864 3325 potest
890 3231 1023 3319 omnia,
1058 3231 1170 3303 ctiam

134 3343 260 3417 omnia
281 3343 405 3416 dicere
425 3341 565 3415 audent
584 3366 667 3439 quae
690 3342 759 3415 sibi
784 3342 889 3416 utiha
912 3342 992 3417 fore
1018 3343 1171 3429 ducunt,

136 3458 205 3530 etsi
231 3456 325 3530 falsa
347 3479 427 3528 esse
454 3466 597 3553 putent.
650 3456 831 3551 Sapientis
859 3466 982 3528 autem
1013 3468 1070 3529 est
1097 3480 1171 3528 non

135 3569 290 3643 ulterius
317 3568 389 3641 illis
419 3568 580 3659 credere,
612 3592 721 3663 quam
750 3580 853 3641 recta
880 3569 975 3641 ratio
1005 3593 1060 3659 ea,
1089 3593 1171 3665 quae

137 3683 277 3770 dicant,
294 3681 386 3754 facit
401 3681 517 3755 videri
535 3681 733 3755 credibilia.
786 3682 826 3753 Si
851 3695 971 3754 metus
990 3680 1051 3754 hic
1068 3705 1172 3778 spec-

138 3808 281 3869 trorum
316 3794 479 3868 sublatus
521 3807 629 3883 esset,
665 3793 843 3890 simulque
880 3795 1116 3891 prognostica
1150 3821 1173 3869 a

137 3907 300 3996 somniis,
333 3907 476 4003 aliaque
509 3907 637 3997 multa,
672 3931 754 4004 quae
781 3907 866 3980 inde
897 3908 1105 4003 dependent
1135 3921 1173 3982 et

137 4022 272 4119 quibus
289 4021 455 4094 homines
473 4021 654 4094 ambitiosi
671 4021 857 4118 astutiquc
870 4022 1006 4118 populo
1017 4022 1172 4118 simplici

137 4137 353 4224 abutuntur,
376 4134 474 4207 cives
497 4134 537 4207 in
565 4135 666 4208 omni
694 4134 841 4207 civitate
862 4134 909 4207 ad
927 4135 1172 4207 obedientiam

138 4249 259 4322 multo
277 4249 393 4344 magis
411 4247 545 4321 eruditi
563 4257 696 4338 essent,
715 4271 826 4344 quam
842 4271 941 4321 nunc
958 4257 1055 4320 sunt.
