2926 4980
329 352 397 430 178
700 371 753 421 nn
774 371 982 447 crymsru.

119 566 198 618 cae.
210 565 299 616 xxii.
374 537 503 609 Eidem
517 539 705 634 systemati
723 540 754 611 si
772 540 982 635 imponatur
998 541 1046 614 ob
1065 541 1204 614 crimen
1221 542 1373 638 aliquod

139 649 281 681 *vv

125 717 159 761 De
169 721 272 774 sysumo

125 783 184 827 libus
193 782 281 827 civium.

323 651 463 724 mulcta
479 652 702 747 pecuniaria,
720 653 773 725 illi
797 654 865 726 soli
882 653 930 726 ad
948 654 1168 728 solutionem
1185 666 1372 744 tenentur,

325 789 481 861 quorum
502 766 683 861 suffragiis
711 767 792 838 fieri
818 768 958 840 crimen
988 768 1178 841 decretum
1204 779 1297 856 erat,
1314 768 1374 841 vel

325 901 483 972 quorum
500 878 636 951 auxilio
652 879 887 951 commissum
905 892 995 953 erat.
1048 882 1092 953 In
1110 882 1256 955 caeteris
1274 881 1375 953 enim

325 992 464 1064 crimen
480 1015 556 1064 non
574 1003 665 1080 erat,
684 991 754 1064 nisi
772 992 911 1064 crimen
929 993 977 1065 sit
1001 994 1101 1089 quod
1129 995 1295 1067 membra
1320 1018 1375 1068 es·

325 1117 407 1178 sent
421 1105 628 1201 systematis
641 1106 838 1201 peccantis.
867 1106 911 1178 Id
923 1119 1048 1179 autem
1063 1108 1202 1181 crimen
1215 1119 1373 1197 nonest,

325 1219 412 1313 quia
438 1229 600 1315 systema
623 1219 744 1314 ipsum
769 1218 928 1291 civitatis
948 1220 1173 1293 authoritate
1191 1221 1372 1294 constitu-

324 1343 403 1403 tum
423 1342 489 1403 est.

377 1444 416 1517 Si
433 1468 528 1517 unus
546 1469 592 1517 ex
609 1444 782 1516 membris
808 1445 1003 1539 pecuniam
1029 1446 1220 1542 systemati
1239 1446 1374 1519 debeat

325 1580 394 1629 nec
407 1558 538 1644 solvat,
556 1567 716 1653 systema
741 1568 870 1629 contra
898 1558 1002 1630 illum
1029 1558 1109 1654 lege
1137 1559 1235 1631 civili
1261 1584 1373 1656 agere

326 1669 447 1742 debet.
500 1670 629 1764 Neque
655 1669 753 1741 enim
783 1669 881 1741 bona
906 1672 985 1765 ejus
1011 1670 1104 1765 capi,
1125 1695 1194 1743 nec
1216 1695 1374 1767 persona

325 1783 403 1877 ejus
420 1781 460 1854 in
477 1804 662 1854 carcerem
679 1780 813 1875 conjici
831 1780 944 1876 ipsius
960 1784 1179 1878 systematis
1198 1783 1265 1855 sed
1282 1785 1373 1856 civi-

324 1895 411 1967 tatis
425 1895 535 1967 solius
548 1894 774 1967 authoritate
788 1905 923 1989 potest.
977 1895 1155 1969 Concives
1169 1897 1268 1969 enim
1286 1912 1374 1971 sunt

325 2019 485 2105 systema
502 2020 540 2080 et
556 2008 761 2080 membrum
780 2008 870 2102 ejus.

376 2123 584 2220 Systemata
604 2120 843 2194 subordinate
870 2121 981 2193 etiam
1005 2145 1073 2216 pro
1096 2134 1262 2219 tempore
1280 2148 1373 2220 prae-

325 2237 431 2308 finito
462 2234 634 2307 constitui
664 2242 827 2330 possunt.
890 2234 1058 2330 Exempli
1089 2259 1210 2325 causa,
1238 2238 1268 2308 si
1295 2262 1372 2310 mo-

325 2350 473 2421 narchae
491 2347 644 2421 dominii
668 2346 724 2419 sui
747 2347 913 2443 partibus
931 2348 1096 2442 singulis,
1114 2358 1157 2419 ut
1173 2350 1371 2444 provinciis

326 2473 363 2534 et
382 2462 537 2558 oppidis,
552 2461 727 2534 mandare
736 2461 855 2533 visum
868 2460 979 2533 fuerit
992 2485 1059 2556 per
1074 2461 1268 2558 deputatos
1287 2488 1371 2537 suos

326 2578 534 2663 convenire,
552 2589 595 2648 ut
618 2575 720 2648 illum
749 2574 794 2647 de
820 2574 1031 2646 conditione
1050 2575 1202 2647 dominii
1220 2577 1277 2648 sui
1296 2601 1373 2650 cer·

325 2691 458 2762 tiorem
475 2688 625 2776 saciant,
637 2698 676 2760 et
692 2688 727 2759 ei
744 2688 842 2760 circa
858 2687 982 2781 legum
999 2711 1178 2760 novarum
1196 2691 1373 2763 constitu·

327 2804 466 2875 tionem
477 2802 671 2874 consilium
683 2824 789 2873 suum
801 2799 1089 2896 impertiant,vel
1099 2814 1251 2898 propter
1262 2803 1371 2876 aliam

326 2941 473 2988 causam
493 2938 773 3012 quamcumque,
788 2913 1091 3009 colloquaturque
1105 2940 1188 2987 cum
1204 2917 1276 2989 illis
1291 2929 1372 2990 tan-

327 3054 436 3125 quam
447 3054 530 3102 cum
544 3052 618 3100 uua
630 3051 788 3124 persona
798 3027 896 3099 cives
908 3050 1034 3099 omnes
1045 3041 1371 3124 repraesentatura;

327 3143 494 3240 deputati
511 3143 562 3215 illi
581 3141 688 3215 simul
706 3165 749 3213 ac
769 3140 851 3212 loco
870 3152 907 3212 et
925 3152 1090 3236 tempore
1108 3167 1129 3214 a
1147 3167 1290 3216 summa
1306 3169 1373 3240 po-

325 3270 460 3332 testate
487 3256 690 3329 constituto
715 3254 967 3341 convenerint,
982 3254 1032 3325 ibi
1051 3264 1088 3326 et
1105 3269 1196 3328 tune
1214 3269 1373 3354 systema

326 3383 413 3445 sunt
441 3369 630 3465 regulare;
658 3380 696 3441 et
725 3391 921 3464 personam
950 3367 1046 3461 gerit
1072 3381 1233 3465 systema
1258 3371 1372 3444 totius

326 3484 478 3557 dominii
496 3482 641 3570 civium,
659 3492 837 3576 quantum
854 3480 988 3553 attinet
1013 3481 1060 3553 ad
1084 3507 1128 3554 ea
1155 3507 1236 3578 quae
1254 3509 1277 3556 a
1293 3509 1372 3556 mo-

325 3598 475 3686 narcha,
506 3619 685 3667 summam
720 3594 877 3666 habente
913 3606 1145 3690 potestatem,
1177 3597 1373 3670 tractanda

325 3723 602 3808 proponentur;
637 3708 686 3781 ad
719 3708 791 3780 alia
824 3720 948 3780 autem
975 3732 1051 3780 non
1085 3709 1187 3781 item.
1248 3711 1370 3783 Etiam

326 3825 473 3923 quando
490 3824 581 3897 nihil
608 3822 764 3918 amplius
785 3821 1019 3894 tractandum
1037 3847 1115 3895 esse
1133 3848 1155 3896 a
1172 3825 1372 3898 monarcha

326 3939 584 4025 declarabitur,
615 3951 774 4033 systema
804 3935 894 4007 illud
925 3935 1148 4008 dissolvitur.
1200 3938 1240 4009 Si
1271 3938 1371 4011 enim

327 4054 460 4125 civium
476 4051 639 4124 omnium
658 4062 695 4121 et
714 4048 836 4144 quoad
851 4049 1001 4144 negotia
1028 4051 1152 4123 omnia
1174 4075 1370 4146 personam

325 4178 480 4260 gereret,
492 4175 653 4262 potestas
671 4163 879 4259 systematis
897 4187 1038 4237 summa
1055 4175 1161 4254 esset,
1173 4178 1370 4261 essentque

325 4279 364 4350 in
383 4279 512 4350 eodem
530 4278 665 4374 populo
683 4300 835 4348 summae
860 4287 1062 4372 potestates
1081 4278 1187 4361 duae3
1214 4279 1254 4351 id
1271 4278 1370 4375 quod
