2926 4980
348 369 564 423 rnnnnorx
581 370 637 422 nn
658 369 914 423 nnvmrnan.
1081 352 1152 419 565

111 534 274 610 fructum
291 537 432 611 arboris
449 538 548 626 vitae,
566 537 655 610 dum
668 561 745 610 non
761 545 954 632 gustarent
968 535 1014 609 de
1030 534 1157 607 fructu

1196 560 1274 611 CAP.
1288 558 1342 610 111.

1196 640 1340 676 »Ὑ-α

114 651 253 723 arboris
270 651 435 724 scientiae
452 651 539 725 boni
557 661 594 723 et
610 650 708 724 mali.
746 650 906 726 Quando
924 660 1048 722 autern
1064 672 1157 744 prae·
1194 705 1228 750 Β,
1237 717 1276 763 qm
1252 704 1326 746 mh„

115 775 264 858 ceptum
281 763 362 853 Dei,
381 763 426 836 de
445 787 509 836 esu
524 763 667 836 fructus
681 764 822 836 arboris
840 763 1005 836 scientiae
1017 762 1105 835 boni
1118 773 1157 835 et
1192 769 1349 879 3⁸³⁰be

114 875 213 965 mali,
232 877 433 971 trangressi
451 887 570 964 erant,
588 887 678 949 tunc
695 876 833 949 exclusi
850 875 955 948 aditu
980 874 1028 949 ad
1050 874 1158 947 arbo·
1193 905 1229 945 aa
1242 857 1370 943 aarum

115 1013 193 1061 rem
207 989 305 1077 vitae,
323 988 414 1063 faeti
430 1001 516 1063 sunt
532 990 717 1077 mortales,
735 1000 773 1061 et
788 989 858 1086 ipsi
875 1000 913 1062 et
930 1012 1057 1063 eorum
1074 1011 1158 1083 pos-

116 1103 244 1175 teritas
259 1134 269 1186 ;
287 1103 558 1200 morientesque
570 1103 707 1208 mortui
719 1114 945 1191 manserunt,
961 1102 1078 1176 donec
1091 1123 1159 1197 per

116 1227 274 1288 mortem
290 1216 427 1289 Christi
443 1216 604 1290 remissis
618 1216 791 1312 peccatis,
805 1215 1027 1288 reviviscant
1043 1213 1091 1287 ad
1104 1213 1159 1285 vi-

117 1339 195 1400 tam
212 1340 390 1402 aeternam
407 1329 446 1402 in
459 1329 729 1403 resurrectione
739 1341 969 1402 mortuorum
983 1326 1158 1424 generali.

120 1441 193 1515 Sed
206 1444 313 1538 juxta
329 1442 425 1516 hanc
443 1441 662 1532 doctrinam,
680 1443 812 1515 animae
829 1454 1059 1515 mortuorum
1076 1441 1158 1514 nul-

118 1556 164 1628 lae
182 1556 330 1628 omnino
348 1555 506 1628 existent
530 1555 765 1644 immortales,
784 1555 980 1652 impiorum
996 1578 1066 1628 nec
1082 1555 1161 1650 pio-

119 1692 213 1757 rum,
228 1679 314 1740 ante
333 1667 431 1740 diem
444 1667 585 1764 judicii.

169 1780 218 1853 B.
245 1780 301 1852 De
319 1780 387 1853 hac
415 1804 455 1853 re
483 1780 702 1853 sententiam
730 1803 850 1852 meam
878 1780 966 1853 satis
991 1780 1161 1876 ampliter

120 1894 230 1967 modo
245 1893 433 1990 explicavi.
484 1894 593 1966 Addo
615 1905 751 1982 autem,
776 1892 876 1989 quod
900 1917 975 1965 non
996 1893 1161 1989 intelligo

122 2006 306 2104 quomodo
317 2019 449 2079 contra
464 2006 575 2079 fidem
590 2006 837 2079 Christianam
850 2029 1004 2101 peccare
1017 2005 1163 2079 dicatur
1219 2106 1222 2111 ³

121 2124 165 2210 is,
178 2120 241 2216 qui
253 2120 367 2193 vitam
378 2130 554 2193 aeternam
570 2121 777 2208 confitetur,
791 2120 867 2193 sive
880 2143 962 2192 eam
972 2119 1163 2207 creationi,

122 2235 198 2308 sive
216 2232 460 2329 redemptioni
473 2244 664 2330 acceptam
680 2233 786 2305 ferat.
839 2232 969 2327 Neque
980 2230 1164 2327 quomodo

124 2355 255 2419 contra
271 2345 479 2419 doctrinam
495 2346 554 2419 vel
571 2347 711 2420 cultum
723 2345 971 2418 Christianum
989 2369 1068 2418 esse
1080 2368 1165 2441 pos-

124 2458 184 2546 sit,
199 2482 284 2529 cum
301 2459 476 2554 usquein
495 2459 686 2556 Scriptura
704 2458 828 2546 Sacra,
847 2482 930 2554 quae
948 2457 1165 2546 doctrinam,

125 2593 245 2665 neque
263 2572 301 2642 in
318 2570 481 2667 liturgia,
509 2595 592 2667 quae
618 2571 759 2645 cultum
778 2571 1030 2644 Christianum
1048 2571 1167 2643 conti-

125 2695 202 2770 net,
213 2683 421 2756 inveniatur
433 2708 588 2780 usquam
600 2709 673 2757 vox
689 2684 763 2773 illa,
777 2684 1001 2757 immortalia
1018 2683 1144 2756 aalma
1152 2709 1166 2767 ;

126 2797 190 2870 sed
206 2797 286 2871 vita
304 2807 448 2870 aterna
458 2821 536 2894 per
557 2796 760 2885 Christum,
777 2796 1082 2893 frequentissime.

176 2911 227 2983 A.
254 2909 396 2984 Eodem
414 2909 546 3006 capite,
559 2933 715 3006 regnum
732 2910 801 2982 Dei
822 2921 909 3006 post
934 2910 1168 2983 resurrectio-

127 3048 213 3097 nem
228 3023 396 3096 fnturum
409 3047 488 3096 esse
505 3023 596 3096 dicit
612 3024 652 3096 in
669 3035 780 3097 terra.

178 3137 228 3209 B.
254 3138 310 3209 Ex
327 3160 440 3210 suane
453 3137 684 3234 philosophia
695 3138 768 3212 hoc
786 3137 888 3228 dicit,
907 3161 955 3210 an
980 3161 1027 3210 ex
1045 3137 1170 3233 Scrip-

128 3262 214 3324 tura
232 3250 372 3323 Sacra?

179 3365 229 3438 A.
256 3365 356 3439 Loca
371 3363 511 3460 aliquot
528 3363 678 3438 adducit
695 3388 741 3437 ex
750 3363 939 3460 prophetis
953 3363 1059 3453 Isaia,
1072 3364 1154 3438 Oba

119 3478 203 3567 dia,
230 3477 347 3567 Joele,
378 3477 468 3549 mihi
497 3477 645 3572 quidem
674 3477 868 3550 nonsatis
896 3477 1106 3563 intellecta3
1134 3489 1171 3551 et

130 3603 320 3688 praeterea,
347 3589 387 3662 id
410 3589 510 3686 quod
527 3614 550 3662 a
568 3590 606 3663 S.
623 3591 734 3664 Petro
752 3590 888 3664 dicitur
905 3589 951 3663 de
969 3592 1171 3688 conflagra

131 3706 232 3778 tione
251 3717 289 3777 et
306 3702 547 3776 renovatione
563 3703 672 3798 hujus
689 3702 830 3775 mundi.

181 3820 232 3890 B.
259 3818 365 3890 Adde
377 3840 466 3913 ergo
476 3815 559 3906 illis,
570 3816 694 3890 locum
703 3841 750 3889 ex
759 3815 982 3914 Apocalypsi
996 3819 1046 3911 (v.
1062 3819 1168 3912 8-11)

132 3930 443 4004 manifestiorem:
471 3928 666 4001 Animalia
686 3938 849 4026 quatuor
866 3938 906 4001 et
922 3930 1062 4028 viginti
1079 3955 1173 4028 qaa-

134 4055 219 4116 taor
227 4041 450 4141 presbyteri
464 4065 589 4113 coram
595 4041 709 4139 Agao
718 4040 982 4139 prociderant,
994 4042 1173 4116 habentes

133 4155 279 4254 singuli
305 4153 478 4228 citharas
495 4162 533 4225 et
543 4153 704 4252 phialas
721 4178 860 4227 aureas
880 4154 1019 4252 plenae
1037 4157 1171 4248 thuris,

133 4296 214 4369 pace
231 4279 318 4343 aaut
335 4277 548 4342 sanctorum
570 4292 734 4366 preces:
760 4278 798 4341 et
821 4277 1065 4344 cantaverant
1085 4297 1173 4345 caa-
