2926 4980
173 575 250 624 CAP.
265 574 348 626 xnll.

190 656 333 692 s-f-ae

187 719 336 776 nepam

373 358 447 425 358
612 372 667 426 nu
686 372 879 426 civmrn
899 374 1166 429 cumsrmun.

372 565 529 637 namque
540 542 617 637 ejus
631 541 785 615 docendi
799 541 957 638 sigillum
969 567 979 625 ;
997 555 1034 616 et
1047 555 1127 616 erat
1139 542 1298 616 imitatio
1309 567 1410 640 qure-

374 656 459 730 dam
476 657 602 729 Mosia
666 657 738 728 Hie
762 656 859 728 enim
880 655 1111 752 impositione
1130 680 1307 730 manuum
1322 679 1417 729 usus

186 783 339 830 meldum*
374 782 542 860 osteum
559 769 766 842 ministrum
783 793 888 842 suum
912 769 1087 842 Joshuam
1113 768 1244 843 ducem
1269 767 1412 843 exerci-

51 4538 233 4690 ἢ

374 898 480 958 tuum
490 883 560 956 Dei
571 882 831 966 constitueret;
849 893 890 955 ut
900 882 1021 978 legere
1033 896 1099 970 est,
1114 882 1223 958 Dent.
1235 882 1409 955 xxxiv.9:

374 1000 434 1071 Ae
451 995 710 1092 Joslruofllius
728 994 815 1067 Nun
825 993 964 1094 plenus
981 1006 1067 1069 erat
1083 996 1245 1094 spiritua
1262 994 1413 1093 eapien-

375 1111 466 1194 tiae;
493 1134 577 1183 nam
601 1108 730 1181 Moses
755 1133 882 1183 monus
901 1132 1014 1206 super
1037 1107 1142 1181 illum
1167 1109 1411 1207 imposuerat.

376 1225 548 1297 Servatur
563 1235 686 1295 autem
711 1240 847 1310 noster,
870 1222 966 1294 inter
982 1222 1287 1296 resurrectionem
1305 1245 1413 1295 suam

375 1349 413 1411 et
430 1337 725 1433 assumptionem,
742 1335 911 1432 spiritum
929 1359 1035 1408 suum
1058 1335 1215 1409 eontulit
1238 1335 1288 1407 in'
1304 1359 1414 1431 apos-

376 1452 482 1539 tolos,
499 1451 658 1546 primum
678 1449 776 1541 (Joh.
794 1473 854 1520 xx.
870 1449 934 1538 22)
955 1447 1127 1543 spirando
1145 1446 1270 1537 ineos,
1288 1447 1415 1520 dicen·

377 1563 496 1659 doque
513 1563 678 1661 occipite
695 1561 879 1658 Spiritum
894 1562 1097 1644 Sanctum
1124 1572 1162 1633 et
1174 1571 1304 1655 postea
1312 1560 1413 1652 (Act.

377 1678 414 1748 ii.
430 1686 464 1764 2,
477 1679 513 1768 3)
531 1700 614 1748 cum
628 1676 705 1770 jam
721 1687 927 1770 assumptus
945 1686 1041 1747 esset
1057 1674 1095 1746 in
1114 1673 1260 1765 eoelum,
1277 1673 1415 1746 immit-

378 1789 489 1862 tendo
504 1790 541 1861 in
559 1789 639 1861 illos
652 1789 793 1883 flatum
809 1787 1013 1875 violentem,
1032 1797 1070 1860 et
1088 1787 1315 1884 dispertitas
1343 1786 1413 1860 lin·

376 1928 477 2002 guae
498 1903 620 1975 inetur
646 1902 771 2000 ignia:
798 1902 862 1975 sed
879 1925 1006 1974 manns
1025 1901 1095 1974 illis
1121 1924 1197 1972 non
1226 1901 1414 1997 imposuit,

379 2017 473 2089 sicut
489 2040 557 2089 nec
575 2016 672 2089 Mosi
683 2016 791 2088 Deus.
832 2016 929 2088 Dum
943 2038 1030 2111 ergo
1048 2015 1148 2087 nulla
1166 2029 1263 2087 esset
1281 2014 1415 2087 civitas

380 2130 596 2219 Christiana,
616 2152 772 2224 quorum
795 2129 984 2201 hominum
1008 2139 1086 2200 erat
1111 2138 1272 2223 potestas
1298 2127 1416 2200 eecle-

380 2242 525 2317 siastica
550 2242 784 2315 manifestum
810 2252 877 2329 est,
903 2264 1034 2336 nempe
1052 2241 1314 2336 apostolorum,
1334 2241 1415 2314 illo-

380 2378 533 2452 rumque
561 2355 692 2451 quibus
723 2355 769 2426 ab
796 2354 971 2450 apostolis
996 2377 1063 2448 per
1080 2377 1253 2425 manuum
1271 2377 1416 2427 succes-

383 2472 497 2544 sivam
514 2467 782 2563 impositionem
794 2490 967 2540 concessa
984 2478 1087 2546 erat;
1107 2467 1228 2557 etiam,
1247 2476 1288 2538 ut
1302 2477 1417 2540 tantoe

381 2582 555 2681 potestati
568 2580 690 2654 idonei
708 2593 841 2668 essent,
859 2580 897 2652 in
912 2579 1058 2653 eosdem
1077 2579 1233 2674 Spiritus
1248 2579 1417 2670 Sanctus

386 2696 448 2794 qui
466 2710 503 2767 et
521 2693 747 2766 Paracletus
765 2691 911 2781 dicitur,
930 2692 1037 2763 simul
1055 2691 1207 2764 collatus
1221 2704 1290 2763 est.

434 2807 636 2880 Cardinalis
661 2805 913 2894 Bellarminus
939 2805 977 2877 in
995 2806 1245 2878 controversia
1262 2828 1327 2876 sua
1352 2829 1417 2902 ge-

385 2921 499 2994 nerali
525 2919 645 3008 tertia,
673 2918 893 3014 quaestiones
920 2918 1052 2991 multas
1078 2929 1214 2990 tractat
1239 2917 1337 2991 circa
1353 2944 1422 3015 po-

385 3043 557 3108 testatem
575 3031 857 3104 eeclesiasticam
882 3031 1064 3127 pontificis
1089 3030 1257 3103 Romani.
1321 3032 1424 3105 Qua-

386 3170 468 3218 rum
485 3146 603 3241 prima
626 3154 692 3234 est,
712 3168 759 3217 an
781 3157 942 3240 potestas
959 3144 1022 3215 illa
1038 3144 1275 3217 monarchiae
1294 3145 1353 3233 sit,
1375 3170 1425 3218 an

389 3262 671 3350 aristocratieo,
702 3285 749 3333 an
777 3260 1030 3334 democratiea
1043 3288 1056 3331 .·
1089 3284 1170 3355 quae
1199 3274 1425 3357 potestatum

390 3376 527 3472 speeies
551 3374 705 3471 singulae
731 3399 881 3447 summae
908 3386 1004 3462 sunt,
1024 3375 1286 3470 continentque
1304 3389 1427 3471 potes-

391 3500 505 3562 tatem
523 3488 737 3562 eoercivam.
791 3488 829 3560 Si
855 3488 931 3582 jam
957 3487 1178 3583 apparuerit,
1204 3500 1428 3583 potestatem

393 3603 596 3676 coercivam
607 3601 677 3673 illis
695 3626 718 3674 a
736 3602 928 3674 Servatore
942 3613 1069 3673 nostro
1083 3600 1249 3673 relictam
1261 3624 1339 3672 esse
1350 3600 1430 3673 nul-

393 3716 478 3804 lam,
496 3714 560 3787 sed
585 3725 807 3810 potestatem
830 3725 975 3785 tantum
1000 3713 1227 3810 praedicandi
1244 3713 1430 3786 Christum

394 3851 536 3923 regem;
555 3825 869 3922 persuadendique
885 3839 927 3899 ut
944 3849 1059 3921 regno
1071 3828 1149 3922 ejus
1163 3826 1329 3899 homines
1345 3828 1431 3900 sub·

395 3941 539 4013 mittere
569 3962 607 4011 se
632 3939 790 4021 vellent;
817 3939 1083 4034 praeceptisque
1102 3950 1139 4010 et
1157 3939 1309 4012 consilio
1328 3952 1431 4014 recto

397 4052 552 4126 docendi
578 4075 653 4139 eos,
671 4051 734 4145 qui
752 4052 1018 4140 submitterent,
1045 4051 1133 4146 quid
1149 4051 1314 4126 facerent
1331 4067 1374 4127 ut
1394 4054 1434 4127 in

395 4191 550 4261 regnum
582 4166 650 4239 Dei
681 4163 845 4236 futurum
874 4165 1151 4262 reciperentur;
1185 4176 1223 4239 et
1250 4168 1435 4262 apostolos

398 4279 559 4374 aliosque
577 4276 703 4351 abillis
718 4278 907 4373 Evangelii
922 4279 1106 4352 ministros
1117 4277 1355 4378 imperatores
1370 4303 1435 4353 no·
