2926 4980
292 342 365 409 458
542 356 596 408 nn
616 357 757 408 nanno
776 356 1080 412 rnunnaanuu.

106 559 156 608 in.
169 559 264 612 xmo,
292 534 469 597 aetmuum
482 525 617 598 habere
634 548 701 598 sua
713 537 855 615 natura,
867 550 912 599 ex
926 550 970 599 eo
988 525 1086 621 quod
1102 525 1232 599 anima
1248 550 1349 623 prae-

106 642 248 746 ᾗῇ
292 638 392 711 ditus
410 637 458 711 sit
475 638 700 722 immortali;
727 639 819 712 adeo
844 650 887 712 ut
910 639 1054 735 gladius
1076 638 1138 712 ille
1167 639 1210 713 iu
1234 638 1349 715 aditu

106 766 247 844 ugiuulibu·
291 751 466 841 Paradisi,
481 775 691 847 quanquam
705 750 872 847 impediit
886 752 1068 825 Adamum
1080 775 1128 824 ne
1144 774 1194 824 ex
1210 750 1348 826 fructu

106 832 270 940 mii.
290 865 431 938 arboris
448 865 535 939 vitae
552 864 773 954 comederet,
784 864 961 961 impedire
974 864 1077 937 illum
1088 888 1137 937 ne
1153 876 1257 939 esset
1275 865 1348 939 im·

106 961 263 1020 *mm
290 979 455 1052 mortalis
478 1003 552 1053 non
577 979 709 1075 potuit,
727 1002 847 1075 neque
867 979 988 1051 facere
1013 988 1055 1050 ut
1080 976 1346 1073 redemptione

289 1115 356 1187 per
382 1091 570 1165 Christum
603 1090 811 1187 indigeret;
846 1103 884 1163 et
911 1089 1077 1187 proinde,
1109 1113 1187 1163 non
1223 1090 1345 1165 modo

290 1203 427 1293 fideles,
454 1204 519 1278 sed
548 1204 660 1277 etiam
688 1204 835 1300 reprobi
861 1216 899 1277 et
926 1203 1063 1277 ethnici
1088 1202 1165 1276 vita
1192 1214 1345 1277 aeterna

289 1317 439 1390 fruituri
456 1327 552 1390 sunt.
604 1316 753 1405 Verum,
771 1326 815 1390 nt
836 1315 1108 1390 incommodum
1130 1315 1204 1388 hoe
1222 1339 1342 1391 excu-

291 1441 385 1516 sent,
402 1452 469 1525 per
496 1438 649 1502 mortem
676 1437 857 1502 aetermm
881 1427 1155 1525 intelligendam
1178 1451 1265 1503 esse
1282 1430 1344 1504 di-

290 1554 380 1615 cunt
405 1542 519 1614 vitum
546 1551 733 1631 aeteruum,
751 1542 817 1615 sed
841 1542 880 1614 in
901 1541 1147 1625 cruciatibus;
1174 1564 1263 1636 quae
1280 1555 1343 1619 est

290 1656 448 1752 figurata
480 1654 661 1750 loquutio,
688 1667 933 1752 praeterquam
966 1655 1005 1727 in
1029 1656 1099 1728 hac
1124 1656 1340 1747 occasione,

291 1792 478 1865 nunquam
495 1778 682 1863 usurpata.

340 1880 518 1955 Doctrina
533 1891 658 1954 autem
674 1878 754 1952 haec
767 1878 944 1953 fimdatur
957 1881 996 1952 in
1009 1879 1229 1976 quibusdam
1242 1881 1339 1957 locis

290 1994 563 2068 obscurioribus
586 1993 813 2067 Testamenti
839 1993 957 2078 Novi;
989 2017 1072 2088 quae
1089 2003 1214 2066 tamen
1238 1994 1336 2087 loca,

289 2108 404 2182 totius
426 2108 626 2204 Scripturae
651 2131 801 2203 scopum
819 2105 1146 2196 considerantibus,
1164 2106 1338 2182 insensu

290 2220 433 2294 diverso
464 2220 570 2294 facile
598 2220 772 2316 explicari
798 2231 963 2316 possunt.
1026 2219 1176 2292 Utrovis
1204 2234 1337 2295 autem

287 2334 397 2407 modo
414 2333 679 2430 intelligantur,
694 2345 873 2430 quatenus
891 2332 1112 2407 adsalutem
1130 2333 1334 2408 Christiani

286 2447 445 2521 hominis
470 2447 617 2534 attinet,
635 2469 710 2519 nou
735 2447 890 2519 multum
916 2445 1078 2518 interest.
1131 2445 1334 2542 Supposito

287 2559 384 2632 enim
401 2558 590 2632 morientis
618 2559 776 2631 hominis
799 2571 936 2631 restare
959 2558 1049 2631 nihil
1066 2571 1203 2654 praeter
1219 2562 1332 2635 cada-

286 2696 350 2745 ver
368 2674 458 2769 ejus,
477 2696 599 2745 nonne
618 2673 728 2761 Deus,
748 2672 811 2767 qui
831 2672 1017 2744 hominem
1037 2696 1080 2743 ex
1099 2684 1199 2744 terra
1215 2677 1332 2749 verbo

287 2810 352 2858 suo
377 2786 465 2859 fecit
481 2786 614 2874 vivere,
634 2786 761 2858 eadem
781 2785 958 2858 facilitate
989 2785 1109 2858 facere
1132 2787 1270 2881 poterit
1289 2801 1331 2863 ut

287 2899 443 2972 cadaver
472 2908 658 2970 mortuum
684 2897 889 2984 reviviscat,
909 2908 946 2969 et
963 2897 1062 2970 vivat
1078 2897 1117 2969 iu
1135 2909 1330 2989 aeternum,

286 3011 415 3083 eodem
432 3008 572 3082 verbo?
624 3009 760 3081 Animo
784 3009 822 3081 in
849 3009 1048 3105 Scripturis
1071 3010 1203 3099 Sacris,
1233 3035 1330 3086 sem-

285 3148 351 3219 per
376 3124 558 3219 significat
584 3135 648 3195 aut
668 3123 793 3210 vitam,
812 3136 877 3194 aut
904 3135 1110 3195 creaturam
1128 3122 1328 3200 viventem.

286 3237 427 3331 Corpus
444 3249 567 3309 autem
585 3247 623 3308 et
640 3235 763 3307 anima
775 3235 1012 3330 conjunctim,
1028 3234 1125 3307 idem
1143 3236 1330 3331 significat

286 3349 385 3443 quod
415 3372 546 3445 corpus
562 3348 701 3420 vivens.
754 3347 959 3419 Creatiouis
990 3347 1049 3419 die
1073 3347 1214 3445 quinto,
1233 3350 1330 3425 dixit

286 3463 397 3553 Deus,
416 3462 634 3560 producunt
664 3485 770 3557 aquae
803 3459 945 3556 reptile
978 3460 1110 3533 animae
1143 3460 1328 3538 uiuentis:

285 3586 322 3649 ct
340 3575 484 3648 creauit
503 3576 607 3648 Deus
624 3584 724 3645 cetos
747 3573 926 3646 ruuaiuuoa
950 3583 988 3645 et
1011 3596 1149 3645 omnem
1166 3575 1329 3651 unimam

283 3690 471 3762 uiuentem.
536 3688 629 3760 Item
664 3685 710 3758 de
743 3685 902 3770 homine,
937 3686 1080 3759 creauit
1114 3711 1194 3758 eum
1220 3689 1328 3763 Deua

284 3802 331 3874 ue
358 3800 518 3900 puluere
550 3809 674 3887 terrae,
709 3798 947 3894 sufflavitque
981 3799 1019 3871 iu
1054 3823 1168 3871 norea
1203 3801 1327 3899 ipsius

283 3913 512 4012 spiraculum
535 3913 622 3986 citae
635 3940 649 3996 ;
675 3912 730 3984 sic
746 3912 887 4006 fuctus
912 3922 970 3984 eat
996 3912 1099 3984 homo
1125 3913 1250 3986 urimo
1271 3917 1325 3989 ui-

284 4053 381 4101 aeua.
442 4029 489 4100 Et
511 4039 706 4122 postquam
736 4026 843 4098 Noah
874 4025 1021 4098 exiisset
1044 4049 1089 4097 ex
1112 4049 1208 4114 arca,
1237 4052 1325 4123 pro-

283 4141 382 4214 misit
402 4142 498 4213 Deus
517 4163 591 4212 uon
609 4138 765 4233 amplius
778 4148 971 4233 percutere
997 4161 1133 4210 omnem
1161 4139 1325 4214 animum

280 4254 467 4326 viventem.
528 4252 577 4325 Iu
607 4252 715 4324 Deut.
737 4250 798 4324 xii.
824 4259 897 4323 23:
934 4250 1100 4347 Sanguis
1143 4252 1324 4348 crurisque
