2926 4980
351 397 405 449 nu
425 395 619 449 crvrrsrn
640 396 907 448 cnnrsrranrr.
1074 374 1148 455 4³7

108 565 189 637 ditu
201 565 396 638 necessarii
409 564 491 653 illis,
504 565 568 658 qui
582 575 668 637 sunt
677 564 853 637 salvandi.
881 562 1002 636 Primo
1013 573 1148 650 autem,
1162 593 1240 643 car,
1259 592 1359 644 xum,

108 678 150 764 is,
169 677 228 750 cui
246 677 440 766 eredimus
459 677 588 772 aliquis
606 690 675 764 est,
690 701 799 773 quem
816 678 1029 772 loquentem
1045 675 1148 748 audi·
1161 675 1363 791 nem*

108 797 251 880 vimus;
279 795 365 892 quia
392 796 541 868 credere
564 795 787 891 impossibile
808 809 864 868 est
891 795 955 882 illi,
974 793 1038 891 qui
1061 792 1149 889 quid
1161 799 1362 908 32⁰3ssng

109 909 255 998 dixerit,
274 910 495 1000 ignoramus.
540 909 782 996 AbrahamuS,
801 909 959 995 lsaacus,
977 907 1149 994 Jacobus,
1162 927 1351 974 aarum·

109 1023 246 1109 Moses
266 1032 302 1094 et
320 1022 512 1118 prophetae
530 1022 608 1093 Deo
627 1021 873 1110 crediderunt,
893 1021 956 1115 qui
982 1021 1080 1116 ipsos
1097 1019 1150 1092 al-

108 1135 281 1231 loquutus
306 1146 362 1207 est
390 1133 725 1230 supernaturaliter.
780 1133 965 1222 Similiter,
982 1131 1149 1205 Christus

108 1262 188 1322 erat
215 1249 258 1337 is,
285 1249 344 1321 cui
373 1247 609 1320 crediderunt
641 1247 799 1343 apostoli
830 1261 869 1319 et
898 1245 1079 1341 discipuli,
1110 1256 1149 1319 et

108 1387 217 1458 quem
244 1362 456 1457 loquentem
479 1361 709 1434 audiverunt.
763 1361 836 1434 Sed
854 1361 900 1434 de
917 1361 999 1448 illis,
1017 1360 1149 1456 quibus

107 1499 226 1570 neque
248 1476 346 1548 Deus
373 1498 491 1570 neque
511 1474 678 1547 Christus
701 1497 865 1570 unquam
886 1475 1061 1570 loquutus
1079 1483 1147 1561 est,

108 1588 181 1661 dici
198 1612 272 1661 non
289 1601 423 1684 potest,
438 1588 535 1683 quod
555 1590 633 1662 Deo
653 1588 896 1671 crediderint;
923 1587 988 1660 sed
1004 1597 1148 1661 tantum

108 1702 207 1797 quod
225 1702 410 1798 apostolis
422 1713 459 1773 et
475 1713 559 1798 post
572 1726 647 1788 eos,
659 1703 866 1798 pastoribus
881 1714 919 1776 et
936 1702 1148 1776 doctoribus

108 1817 270 1889 ecclesiae
288 1816 398 1888 fidem
415 1815 621 1903 habuerint,
649 1817 711 1911 qui
739 1817 931 1889 historiam
948 1816 1092 1888 Veteris
1110 1826 1149 1889 et

109 1930 204 2002 Novi
218 1929 441 2003 Testamenti
459 1928 529 2000 illis
547 1928 903 2002 commendaverant.
954 1929 1061 2002 Fides
1078 1930 1148 2003 ita-

108 2067 181 2138 que
196 2042 501 2129 Christianorum,
521 2065 565 2113 ex
584 2066 657 2136 quo
670 2042 839 2114 Christus
856 2056 1063 2139 assumptus
1081 2053 1148 2132 est,

107 2179 175 2252 pro
206 2154 446 2227 fundamento
475 2154 615 2238 habuit,
641 2165 829 2250 pastorum
854 2156 972 2252 primo
999 2179 1149 2229 suorum

109 2268 425 2356 existimationem,
455 2267 588 2340 deinde
622 2269 882 2341 authoritatem
918 2293 1057 2358 eorum,
1085 2269 1148 2365 qui

107 2382 274 2455 fecerunt
287 2394 329 2453 ut
341 2380 539 2476 Scripturae
558 2382 679 2454 Sacrae
696 2381 781 2453 fidei
796 2395 917 2454 essent
934 2382 1084 2478 regula;
1110 2384 1149 2456 id

109 2493 206 2590 quod
223 2494 290 2566 soli
307 2492 428 2565 facere
446 2503 644 2588 potuerunt
661 2518 766 2590 reges
785 2493 996 2586 Christiani,
1015 2496 1148 2591 aliique

108 2608 170 2704 qui
182 2631 362 2679 summam
373 2606 534 2678 habuere
548 2616 779 2702 potestatem.
807 2608 865 2680 Illi
883 2632 971 2705 ergo
984 2621 1149 2706 pastores

108 2721 267 2819 supremi
295 2733 393 2808 sunt,
417 2721 568 2816 solique,
596 2744 662 2815 per
689 2745 779 2816 quos
805 2722 915 2794 hodie
938 2723 1148 2818 loquentem

107 2834 227 2908 Deum
244 2833 400 2905 audiunt
417 2832 639 2916 Christiani;
664 2833 736 2905 nisi
761 2833 858 2906 forte
876 2835 1044 2931 excipere
1060 2835 1149 2907 veli-

107 2971 188 3020 mus
209 2971 271 3019 eos
289 2945 337 3018 ad
354 2968 459 3040 quos
477 2946 506 3017 si
525 2946 702 3040 quisunt,
721 2949 820 3021 Deus
846 2948 955 3021 hodie
985 2949 1149 3044 loquitur

108 3058 446 3158 supernaturaliter.
499 3059 572 3132 Sed
599 3061 649 3148 hi,
677 3062 763 3156 quia
789 3062 895 3134 multi
922 3047 1147 3159 pseudopross

106 3175 228 3270 phetae
255 3174 294 3246 in
321 3171 498 3245 mundum
516 3185 707 3262 venerunt,
732 3176 964 3248 examinandi
991 3188 1077 3249 sunt
1101 3177 1147 3249 ab

108 3288 207 3359 omni
226 3286 448 3371 Christiano,
467 3310 514 3358 an
532 3310 577 3358 ex
595 3286 673 3358 Deo
691 3287 764 3360 sint
781 3311 909 3361 necne.
963 3291 1148 3364 Quoniam

108 3423 197 3495 ergo
223 3399 472 3472 doctrinarum
500 3423 654 3472 examen
671 3400 719 3472 ad
735 3411 919 3496 pastorem
938 3425 1149 3499 supremum

108 3511 273 3607 inprimis
290 3513 461 3608 pertinet,
472 3525 599 3610 pastor
616 3537 806 3609 supremus
824 3514 922 3588 solus
936 3527 1004 3606 est,
1019 3517 1058 3589 in
1076 3540 1148 3612 quo

107 3625 238 3697 ultimo
256 3622 347 3698 fides
365 3627 595 3700 subditorum
614 3651 764 3699 suorum
775 3628 1009 3702 determinari
1027 3629 1147 3702 debet.

158 3737 286 3810 Causae
304 3752 455 3833 propter
472 3764 562 3835 quas
581 3739 786 3813 doctrinam
804 3741 1051 3815 Christianam
1070 3767 1149 3815 cre-

109 3851 240 3939 dimus,
269 3851 379 3925 variae
409 3865 505 3925 suut.
566 3855 633 3926 Est
663 3855 760 3925 enim
790 3854 881 3928 fides
904 3855 1041 3929 donum
1067 3857 1148 3946 Dei,

108 3988 219 4060 quam
246 3965 285 4037 in
322 3965 474 4038 diversis
507 3966 717 4040 hominibus
744 3968 812 4041 viis
844 3967 1008 4059 diversis,
1039 3980 1151 4066 prout

108 4077 259 4173 sibiipsi
278 4077 396 4149 visum
414 4089 481 4165 est,
492 4084 677 4174 operatur.
729 4081 859 4171 Causa,
873 4094 1024 4178 propter
1039 4106 1150 4178 quam

107 4191 304 4264 articulum
331 4189 490 4287 aliquem
522 4191 608 4265 fidei
636 4193 830 4282 credimus
854 4194 1150 4290 frequentissima

108 4318 146 4380 et
162 4306 331 4403 proxima
347 4316 413 4387 est,
432 4306 531 4402 quod
560 4305 768 4401 Scripturas
787 4309 917 4380 Sacras
945 4309 1046 4404 prius
1070 4334 1149 4383 cre-

108 4421 308 4494 diderimus
327 4443 405 4492 esse
422 4420 573 4493 verbum
593 4420 673 4493 Dei.
727 4421 851 4495 Quare
878 4434 1001 4496 autem
1026 4424 1149 4520 Scrip-

1305 4568 1394 4708 Ι
