2926 4980
324 337 397 404 202
696 353 750 405 nu
770 353 978 408 crvrrsrn.

122 552 199 602 car.
211 552 310 605 xxvr.
324 520 438 594 tanda
455 521 503 593 sit
519 520 737 612 obedientia,
757 547 802 597 ex
825 524 941 597 literis
958 527 1048 621 ejus,
1065 525 1224 599 civitatis
1240 525 1363 622 sigillo

139 633 282 752 M
325 634 490 731 signatis,
503 634 561 707 vel
574 634 766 708 ministerii
784 637 862 733 ejus
876 637 981 733 signo
993 638 1140 734 publico
1152 638 1192 711 id
1204 639 1309 711 sciet.

143 759 250 805 evasa
374 747 533 845 Legibus
560 761 599 820 et
618 748 828 845 legislatore
854 751 1022 847 cognitis
1041 763 1154 825 restat
1176 752 1310 840 adhuc,
1330 752 1362 825 si

323 861 422 957 leges
452 861 681 957 obligatoriae
703 863 839 937 futurae
862 864 948 952 sint,
965 876 1008 937 ut
1030 888 1117 937 vera
1132 865 1363 961 intelligatur

324 997 450 1046 earum
484 974 752 1070 interpretatio,
783 975 822 1048 in
851 999 925 1072 qna
958 976 1036 1049 sola
1069 978 1236 1051 consistit
1269 978 1361 1075 legis

324 1086 492 1159 essentia.
543 1086 716 1183 Ejusdem
733 1097 854 1160 antem
872 1111 1038 1184 personae
1056 1099 1163 1163 estet
1179 1091 1361 1187 imperare

324 1212 362 1273 et
382 1199 561 1295 imperata
587 1224 653 1273 sua
679 1201 925 1297 interpretari,
944 1201 1020 1274 sive
1046 1204 1174 1299 jubere
1201 1216 1239 1276 et
1258 1205 1361 1298 jussa

325 1313 518 1409 explicare.
571 1314 755 1410 Inter-pres
773 1338 860 1410 ergo
883 1315 1005 1410 legum
1021 1317 1184 1389 omnium
1210 1317 1241 1388 is
1261 1317 1361 1390 solus

323 1435 390 1514 est,
409 1427 472 1522 qui
490 1450 668 1499 summam
692 1426 804 1499 habet
826 1437 1058 1523 potestatem,
1070 1440 1134 1502 aut
1153 1429 1217 1525 qui
1232 1429 1279 1502 ab
1297 1430 1360 1503 illo

324 1539 507 1635 acceperit
524 1539 797 1612 authoritatem.

373 1653 488 1748 Leges
505 1676 630 1724 omnes
648 1652 793 1748 scriptae
817 1663 854 1725 et
874 1676 947 1726 non
972 1655 1118 1750 scriptae
1140 1655 1359 1753 interpreta-

321 1765 421 1839 tione
434 1765 612 1861 indigent.
664 1765 779 1861 Leges
788 1776 940 1856 naturae,
952 1791 1158 1863 quanquam
1170 1769 1359 1842 intellectu

321 1877 448 1951 faciles
481 1877 555 1950 siut
583 1876 654 1949 illis
684 1878 843 1972 quidem,
878 1879 941 1975 qui
971 1904 1097 1953 causas
1131 1893 1360 1976 cognoscunt

322 1991 478 2074 alienas3
506 1990 671 2063 difficiles
685 2002 807 2063 tamen
821 2003 907 2064 sunt
918 1992 1001 2082 illis,
1020 2017 1177 2089 quornm
1194 1993 1359 2089 ipsorum

323 2129 444 2177 causae
472 2115 763 2199 cognoscuntur;
791 2117 829 2177 et
861 2104 1015 2178 fortasse
1042 2107 1165 2202 legum
1196 2106 1359 2178 omnium

323 2217 555 2306 difficillimae,
567 2229 605 2289 et
617 2217 774 2289 maxime
788 2240 878 2312 opus
891 2217 1029 2290 habent
1042 2218 1358 2315 interpretatione.

323 2332 366 2404 lu
383 2331 525 2429 legibus
547 2329 704 2426 scriptis,
722 2330 753 2402 si
769 2330 897 2402 breves
914 2330 1000 2419 sint,
1020 2331 1128 2404 unius
1145 2342 1268 2403 tamen
1294 2346 1359 2406 aut

322 2445 476 2518 duarum
509 2468 640 2518 vocum
667 2443 887 2540 ambiguitas
916 2443 1037 2516 facere
1065 2455 1188 2539 potest
1214 2455 1258 2517 nt
1284 2445 1360 2517 siut

321 2560 507 2643 obscurae;
535 2559 565 2631 si
581 2558 701 2651 longae
720 2558 805 2645 sint,
819 2557 1047 2630 obscuriores
1059 2581 1119 2630 eas
1131 2557 1253 2630 reddit
1265 2558 1359 2631 mul-

320 2685 440 2745 tarum
451 2697 581 2746 vocum
599 2671 829 2767 ambiguitas.
880 2671 1009 2766 Itaque
1023 2670 1082 2743 lex
1096 2672 1233 2767 scripta
1245 2671 1358 2759 nulla,

320 2786 395 2858 sive
412 2786 536 2858 multis
554 2785 630 2857 sive
647 2785 772 2880 paucis
794 2783 914 2856 verbis
940 2783 1184 2869 contineatur,
1202 2784 1359 2880 intelligi

320 2911 441 2995 potest
458 2899 527 2970 uisi
545 2923 589 2970 ex
607 2898 697 2993 legis
717 2897 830 2993 ipsius
852 2896 969 2969 causis
987 2897 1176 2980 finalibus;
1204 2921 1370 2993 quarum·

321 3037 512 3085 causarum
526 3011 688 3106 cognitio
703 3010 740 3082 in
751 3009 959 3105 legislatore
976 3010 1053 3083 solo
1065 3023 1142 3093 est;
1170 3023 1208 3082 et
1226 3010 1278 3081 illi
1290 3010 1358 3082 soli

323 3126 554 3199 difficultates
571 3126 692 3220 legum
709 3123 870 3218 nodique
891 3135 955 3197 aut
975 3124 1187 3197 extricando
1208 3136 1274 3196 aut
1301 3148 1357 3196 se-

322 3239 439 3312 cando
457 3238 626 3311 solubiles
644 3246 739 3309 sunt.

372 3353 414 3424 In
433 3352 577 3424 civitate
592 3350 802 3440 constituta,
815 3350 936 3447 legum
948 3362 1089 3423 naturae
1102 3349 1357 3445 interpretatio

320 3490 395 3538 nou
420 3490 442 3537 a
468 3464 680 3537 doctoribus
705 3477 743 3536 et
770 3465 1005 3560 scriptoribus
1029 3463 1174 3535 moralis
1198 3462 1356 3558 philoso-

320 3579 416 3674 phiae
431 3577 648 3674 dependent,
661 3577 725 3649 sed
742 3578 788 3649 ab
800 3576 1021 3649 authoritate
1038 3575 1207 3648 civitatis.
1260 3576 1356 3647 Doc-

322 3692 428 3765 trinae
455 3692 601 3788 quidem
623 3715 718 3763 verae
741 3715 817 3763 esse
837 3703 1013 3786 possunt;
1048 3688 1112 3760 sed
1138 3689 1355 3777 authoritas,

320 3828 394 3877 non
414 3805 557 3894 veritas,
571 3803 660 3875 lacit
677 3802 806 3898 legem.

371 3918 480 4013 Legis
497 3919 744 4014 cujuscunque
770 3915 947 3989 naturalis
974 3914 1230 4011 interpretatio
1252 3925 1353 3987 recta

220 4074 222 4079 ·
320 4032 503 4104 sententia
520 4042 575 4103 est
593 4032 681 4126 ejus,
701 4031 763 4125 qui
790 4054 967 4102 summam
994 4029 1104 4101 habet
1121 4039 1353 4124 potestatem,

320 4144 377 4215 vel
395 4147 484 4239 ejus,
503 4144 564 4239 qui
582 4142 840 4214 authoritatem
859 4142 904 4213 ab
929 4166 972 4213 eo
989 4141 1101 4213 habet
1114 4149 1251 4213 'causas
1269 4164 1354 4235 cog-

318 4257 492 4329 noscendi
509 4288 517 4340 ;
545 4256 606 4352 qui
624 4267 712 4328 tunc
730 4255 1003 4351 interpretatur,
1022 4278 1105 4326 cum
1122 4254 1240 4350 legem
1253 4253 1352 4327 facto
