2926 4980
167 523 244 573 cAP.
256 523 305 572 xl.

167 603 310 638 =--r-⁴

169 666 204 710 Dc
213 665 317 710 variante

168 743 261 774 morum.

351 309 400 404 BQ
751 323 805 374 nn
826 321 1009 373 nomme.

352 488 448 562 endo
466 486 665 577 emulatio,
690 497 727 562 et
752 497 938 560 certarnen
964 486 1128 560 omnium
1153 486 1388 559 utilissimum

352 612 389 675 et
417 600 694 689 nobilissimum,
723 625 807 674 cum
838 601 920 697 quis
946 599 1102 673 alterum
1124 599 1388 673 benefaciendo

353 714 549 811 superabit,
571 714 635 787 nbi
660 715 790 788 victori
816 737 882 788 sua
906 715 1026 812 placet
1049 714 1215 803 victoria,
1233 725 1272 785 et
1287 714 1389 786 victo

352 829 472 925 ipsum
489 839 650 900 certasse
668 827 760 901 ultio
775 840 841 901 est.

403 941 555 1014 Laesisse
571 940 683 1014 alium
692 942 775 1038 plus
787 966 897 1038 quam
908 952 1030 1037 potest
1040 953 1105 1013 aut
1116 940 1195 1013 vult
1205 964 1388 1036 reparare,

354 1054 514 1151 disponit
531 1078 626 1141 eum,
644 1054 707 1151 qui
733 1055 840 1144 laesit,
858 1053 906 1127 ad
923 1054 1047 1127 odium
1070 1053 1158 1127 laesi.
1210 1053 1307 1125 Nam
1324 1063 1389 1125 aut

354 1168 530 1241 ultionem
549 1178 719 1263 expectat
736 1167 793 1240 vel
810 1168 965 1257 veniam,
984 1191 1139 1265 quarum
1155 1177 1309 1262 utraque
1333 1178 1390 1238 est

354 1281 491 1354 odiosa.

404 1394 539 1468 Damni
554 1395 601 1467 ab
618 1393 690 1467 alio
707 1405 827 1467 metus
843 1394 1005 1491 disponit
1020 1394 1067 1467 ad
1090 1393 1391 1489 anticipationem

355 1509 413 1581 vel
429 1507 478 1580 ad
489 1507 671 1604 parandos
689 1509 817 1582 socios.
858 1509 955 1581 Nam
972 1518 1014 1579 ut
1028 1507 1109 1602 quis
1126 1506 1213 1579 vitae
1230 1522 1268 1579 et
1283 1507 1392 1579 liber·

354 1621 441 1696 tatis
458 1644 606 1694 securus
623 1621 682 1708 sit,
699 1622 759 1695 via
774 1621 846 1694 alia
861 1620 962 1694 nulla
975 1630 1041 1692 est.

406 1734 481 1808 Qui
497 1734 653 1829 ingeniis
670 1735 826 1831 propriis
846 1734 1029 1823 diffidunt,
1047 1734 1175 1806 melius
1193 1734 1392 1830 disponun-

355 1856 418 1921 tur
433 1847 472 1918 in
497 1847 737 1920 seditionibus
762 1848 810 1921 ad
826 1847 1030 1936 victoriam,
1050 1871 1159 1943 qnam
1182 1847 1247 1937 illi,
1265 1849 1328 1944 qui
1353 1871 1392 1920 se

356 1960 539 2055 sapientes
555 1960 613 2031 vel
622 1972 764 2033 astutos
775 1984 853 2034 esse
865 1972 1008 2058 putant.
1035 1961 1131 2034 Nam
1140 1961 1179 2033 bi
1190 1961 1392 2050 consulere,

356 2071 421 2159 ilii,
439 2084 645 2145 metuentes
673 2073 804 2170 decipi,
821 2074 931 2148 ferire
947 2075 1088 2171 priores
1106 2087 1243 2148 amant.
1295 2076 1394 2150 Quia

357 2196 482 2257 autem
507 2185 545 2257 in
567 2184 818 2275 seditionibus
836 2187 1004 2260 homines
1027 2188 1129 2284 quasi
1148 2188 1185 2261 in
1202 2188 1393 2284 procinctu

355 2299 473 2394 praelii
490 2322 632 2395 semper
650 2312 746 2390 sunt,
763 2300 856 2373 bene
873 2300 970 2374 inter
983 2325 1022 2374 se
1039 2301 1244 2375 consentire
1255 2312 1293 2372 et
1305 2300 1392 2372 viri-

356 2415 437 2502 bus,
456 2413 747 2509 quotiescunque
763 2423 928 2509 possunt,
945 2414 1012 2501 uti,
1026 2424 1248 2509 stratagema
1263 2412 1392 2485 melius

358 2538 424 2615 est,
451 2550 562 2621 quam
591 2525 690 2622 quod
716 2526 824 2600 facile
851 2551 874 2599 a
901 2527 1102 2601 subtilitate
1124 2527 1263 2624 ingenii
1292 2526 1393 2599 nasci

359 2652 493 2738 potest.

422 2752 545 2825 Inanis
575 2751 703 2848 gloria,
736 2775 828 2847 qua,
859 2751 960 2825 nullo
988 2752 1114 2825 innixa
1143 2752 1394 2839 fundamento,

358 2865 537 2937 virtutum
554 2863 756 2937 alienarum
774 2864 877 2960 quasi
905 2889 1053 2937 suarum
1074 2865 1175 2937 fictio
1203 2890 1305 2938 mera
1329 2877 1396 2954 est,

361 3000 454 3071 quos
470 2977 646 3072 possidet,
665 2977 713 3049 ad
730 2978 1024 3068 ostentationem,
1041 3002 1115 3050 non
1133 2978 1181 3051 ad
1197 2979 1398 3075 aggressio·

361 3113 445 3162 nem
463 3101 592 3185 urget3
620 3090 717 3185 quia,
735 3115 819 3162 oum
832 3091 880 3164 ad
894 3115 981 3165 vera
994 3091 1156 3188 pericula
1166 3105 1319 3164 ventum
1330 3102 1396 3177 est,

360 3201 452 3277 nihil
479 3213 685 3298 expectant,
715 3215 962 3300 praeterquam
992 3219 1035 3279 ut
1066 3206 1206 3278 vanitas
1236 3206 1397 3301 ipsorum

362 3316 566 3411 detegatur.

412 3428 536 3502 Inanis
563 3428 693 3524 gloria,
726 3453 807 3526 quae
833 3454 902 3526 pro
930 3430 1173 3505 fundamento
1202 3432 1312 3506 habet
1341 3431 1400 3504 vel

362 3542 610 3615 adulationem
628 3539 795 3631 aliorum,
813 3543 871 3616 vel
889 3544 1071 3617 actionem
1087 3544 1247 3641 aliquam
1264 3569 1401 3641 praece·

364 3655 523 3745 dentem,
541 3678 755 3752 prosperam
772 3656 920 3752 quidem
937 3657 1001 3730 sed
1017 3658 1220 3748 fortuitam,
1234 3681 1400 3753 eosquos

362 3769 537 3867 possidet,
555 3769 602 3842 ad
621 3769 807 3866 inceptum
829 3771 976 3866 quidem
998 3772 1109 3860 acuit,
1127 3773 1165 3845 in
1191 3771 1320 3844 mediis
1336 3795 1400 3843 au-

363 3895 440 3955 tem
471 3882 644 3979 periculis
678 3883 824 3956 deserit.
876 3884 1007 3981 Itaque
1039 3885 1190 3981 pallent,
1222 3894 1398 3969 tremunt,

363 3995 593 4093 fugiuntque,
610 3997 708 4085 vitae,
727 4021 809 4093 quae
822 3999 983 4093 reparari
994 4023 1069 4071 non
1079 4010 1213 4094 potest,
1225 3994 1400 4094 prospici-

364 4120 467 4180 entes
495 4109 628 4205 potiuS,
647 4133 757 4205 quam
785 4109 929 4199 honori,
947 4134 1056 4206 quem
1081 4111 1250 4184 resarciri
1279 4108 1400 4204 aliquo

364 4220 485 4310 modo,
504 4220 695 4294 mendacio
712 4222 820 4312 forte,
838 4246 946 4318 posse
965 4234 1125 4319 sperant.
