2926 4980
259 407 322 480 viii
672 427 914 479 namcsrro.

260 607 359 703 quod
375 618 597 703 potestatem
615 608 770 697 civilem,
789 630 899 704 quam
921 608 1129 704 quicunque
1147 608 1348 704 possidebit

260 730 457 803 maximam
491 753 569 802 esse
598 731 707 821 volet,
740 744 919 828 quantum
949 755 1095 828 possum
1125 733 1347 829 magnifico?

262 857 392 952 Neque
409 857 552 953 dejure
569 858 770 947 homiuum,
789 857 855 931 sed
872 859 918 931 de
939 859 1022 954 jure
1042 857 1257 954 simpliciter
1275 859 1349 932 dis-

259 995 362 1079 puto.
407 983 726 1057 Quemadmodum
762 1007 909 1056 anseres
944 985 1128 1080 quondam
1159 985 1348 1080 capitolini

260 1109 308 1183 ad
324 1109 578 1183 scandentium
597 1111 805 1207 strepitum,
822 1122 967 1183 tantum
984 1112 1127 1208 clang0.
1170 1111 1348 1207 Displice-

259 1237 315 1309 bit
345 1236 455 1309 etiam
479 1235 636 1310 fortasse
669 1260 745 1310 non
770 1237 908 1334 paucis,
944 1237 1044 1334 quod
1068 1237 1149 1310 loca
1179 1237 1348 1334 quaedam

261 1361 462 1457 Scripturae
481 1362 603 1436 Sacrae
620 1362 726 1435 aliter
746 1363 981 1459 interpretari
1002 1387 1112 1436 ausus
1138 1363 1219 1452 sim,
1238 1387 1347 1459 quam

260 1486 307 1560 ab
324 1487 406 1560 aliis
424 1488 598 1585 explicari
615 1488 768 1561 soleant.
822 1488 866 1561 ld
883 1489 984 1585 quod
1000 1512 1075 1561 non
1093 1489 1216 1577 modo,
1233 1490 1272 1561 in
1290 1513 1349 1561 or-

260 1611 345 1685 dine
360 1612 408 1686 ad
424 1637 516 1709 opus
532 1614 752 1700 institutum,
763 1615 970 1687 necessario
987 1614 1070 1704 feci,
1089 1614 1176 1712 quia
1192 1615 1274 1688 loca
1288 1615 1350 1688 illa

258 1749 483 1835 potestatem
513 1739 658 1812 civilem
691 1741 943 1837 oppugnantia
978 1741 1082 1836 quasi
1116 1740 1348 1813 inimicorum

260 1865 443 1938 moenibus
474 1865 647 1955 civitatis,
678 1891 789 1964 quam
822 1865 1003 1954 obsident,
1035 1866 1195 1940 admotae
1229 1879 1350 1939 turres

260 2002 371 2075 sunt;
397 1990 463 2063 sed
486 1991 597 2064 etiam
623 2015 670 2064 ne
698 1993 787 2089 quid
810 2004 941 2066 contra
963 1991 1170 2066 doctrinam
1187 1992 1350 2065 ecclesiae

260 2128 398 2191 nostrae
414 2117 599 2214 publicam
617 2119 826 2209 scriberem,
841 2119 1050 2213 (dissentire
1069 2120 1168 2191 enim
1185 2143 1208 2191 a
1225 2119 1351 2215 singu-

259 2243 397 2317 laribus
427 2245 570 2318 licitum
596 2246 682 2340 est),
701 2246 896 2343 diligenter
921 2246 1013 2320 cavi.
1066 2245 1131 2318 Sin
1155 2269 1275 2340 neque
1302 2245 1350 2317 ad

260 2371 341 2445 haec
374 2371 570 2444 mitescant
603 2373 883 2468 reprehensores
917 2372 1001 2460 mei,
1031 2373 1190 2468 teipsum
1225 2383 1349 2443 tamen

261 2507 362 2569 recte
387 2507 426 2568 et
453 2495 557 2569 facile
582 2498 783 2571 excusabis.
833 2498 944 2571 Dices
967 2498 1076 2587 euim,
1094 2498 1125 2570 si
1149 2498 1215 2585 vis,
1232 2496 1350 2570 homi-

261 2644 347 2694 nem
377 2645 457 2694 esse
490 2646 562 2712 me,
594 2623 657 2720 qui
690 2647 774 2696 mea
806 2647 926 2697 amem
956 2635 994 2697 et
1021 2623 1196 2720 quicquid
1230 2622 1350 2695 dicam

260 2770 389 2820 verum
417 2771 496 2822 esse
519 2759 658 2846 putem,
678 2748 776 2845 quod
800 2749 951 2822 fratrem
980 2761 1086 2823 tuum
1113 2749 1287 2822 coluerim
1313 2761 1351 2822 et

261 2883 298 2945 te
316 2872 446 2963 colam,
465 2899 581 2970 eoque
598 2875 715 2949 fretus
732 2877 938 2950 inconsulto
955 2887 993 2949 te
1009 2876 1287 2971 subscripserim

625 3025 758 3099 Servus
775 3041 862 3099 tuus
879 3026 1068 3099 humilima
1087 3026 1241 3099 devotus

852 3200 1063 3275 THOMAS
1090 3199 1298 3274 HOBBES.
