2926 4980
347 395 401 446 na
421 395 612 447 crvrra'rn
630 394 896 447 caarsrrsrm.
1065 381 1136 446 355

104 559 234 655 ltaque
251 584 318 656 per
343 560 456 635 edere
473 574 511 634 et
528 561 655 635 hibere
680 586 789 658 super
807 586 971 636 mensam
990 561 1138 651 Christi,
1168 595 1244 645 cap,
1258 593 1330 644 xm,

104 672 322 769 intelligitur
345 674 422 747 vita
446 685 595 762 aterna,
613 676 688 748 sive
706 676 814 749 arbor
831 675 928 764 vitae,
946 699 1028 772 quae
1045 698 1138 771 prae-
1165 676 1329 782 ΒΜ

104 786 250 859 bebitur
280 788 318 859 in
342 811 455 883 regno
473 788 554 860 Filii
583 788 751 862 hominis.
803 787 926 883 Atque
951 789 1031 862 haec
1057 788 1139 861 loca
1166 804 1233 847 „aa
1242 803 1305 846 bene

105 900 291 973 sufficiunt
307 901 354 973 ad
371 902 599 997 probandum
626 925 782 998 regnum
805 901 940 975 Christi
965 900 1140 974 adminis-
1165 866 1304 913 dmm

105 1013 278 1085 trandum
308 1037 386 1086 esse
417 1015 462 1086 ab
489 1038 532 1087 eo
559 1015 596 1086 in
623 1026 756 1087 natura
781 1038 847 1087 sua
871 1014 1032 1087 humana
1054 1023 1139 1110 post

104 1127 420 1199 resurrectionem.
481 1127 602 1199 Etiam
629 1139 729 1214 tunc,
747 1150 821 1199 non
845 1127 951 1200 aliter
974 1150 1040 1199 rex
1068 1127 1140 1200 erit

105 1262 214 1334 quam
232 1242 299 1313 sub
318 1241 425 1314 Patre
443 1264 520 1331 sno,
539 1241 633 1313 sicut
651 1240 775 1314 Moses
800 1241 840 1313 in
861 1240 1016 1331 deserto,
1035 1253 1072 1314 et
1097 1252 1139 1313 ut

104 1353 313 1427 sacerdotes
331 1355 461 1427 summi
480 1365 565 1427 ante
579 1377 734 1450 regnum
748 1353 859 1444 Sauli,
874 1366 911 1427 et
925 1353 1019 1427 sicut
1033 1378 1138 1451 reges

104 1478 190 1561 post
207 1467 319 1540 illum.
372 1469 433 1541 Sic
451 1469 549 1540 enim
568 1468 656 1541 dicit
674 1469 772 1541 Deus
793 1468 919 1559 (Deut.
938 1469 1037 1542 xviii.
1062 1470 1138 1563 18),

104 1579 248 1652 Mosem
275 1582 486 1676 alloquens:
526 1580 724 1654 Smcitabo
748 1579 827 1653 illio
838 1580 1066 1679 proplietam
1092 1607 1139 1654 ea

104 1692 223 1765 medio
235 1693 405 1786 fratrum
417 1717 577 1780 suoram,
588 1693 743 1766 similem
753 1693 833 1781 tibi,
848 1702 886 1765 et
895 1718 1036 1791 porram
1053 1718 1136 1767 oer-

105 1804 153 1877 da
170 1832 250 1879 mea
273 1807 310 1879 im
334 1830 399 1880 ore
424 1809 516 1902 ejas.
569 1806 776 1879 Similitudo
803 1818 925 1880 autem
950 1808 1029 1881 haec
1056 1832 1138 1881 curn

104 1919 209 1992 Mose
227 1933 378 2017 apparet
396 1920 505 1993 etiam
518 1919 556 1992 in
572 1920 773 1992 Servatoris
789 1921 905 1992 nostri
922 1922 1137 1994 actionibus,

106 2031 209 2105 Sicut
219 2031 444 2107 enimMoses
454 2033 565 2129 elegit
575 2032 765 2105 duodecim
776 2033 958 2129 principes
966 2033 1139 2116 tribuum,

104 2146 167 2241 qui
184 2146 250 2219 sub
268 2170 307 2219 se
325 2158 518 2242 regerent;
545 2146 598 2218 ita
616 2146 787 2218 Servator
804 2158 929 2219 noster
946 2146 1138 2220 duodecim

104 2259 215 2354 elegit
231 2260 425 2355 apostolae,
440 2259 502 2355 qui
518 2258 698 2331 sedebunt
710 2282 819 2356 super
832 2259 1024 2333 duodecim
1037 2261 1138 2332 thro-

105 2394 183 2461 noS,
213 2384 251 2445 ct
272 2372 490 2467 judicabunt
516 2371 708 2444 duodecim
734 2373 852 2445 tribus
887 2374 1041 2448 Israelis.
1092 2375 1140 2446 Et

104 2485 201 2558 sicut
220 2486 342 2559 Moses
363 2485 625 2558 authoritatem
652 2484 753 2557 dedit
770 2488 1006 2582 septuaginta
1022 2487 1140 2560 senio·

104 2598 206 2671 ribus
223 2597 466 2695 prophetandi
485 2596 532 2669 ad
548 2597 740 2692 populum;
759 2599 812 2670 ita
825 2601 998 2674 Servator
1016 2613 1141 2674 noster

105 2716 339 2811 septuaginta
357 2714 540 2788 ordinavit
567 2715 762 2810 discipulos
783 2716 830 2788 ad
853 2719 1140 2814 praedicandum.

106 2828 154 2901 Et
171 2830 277 2916 sicut,
294 2853 417 2901 coram
432 2830 537 2900 Mose
555 2853 637 2900 cum
656 2840 870 2924 quereretur
884 2832 1044 2927 quidam,
1063 2857 1141 2907 esse

106 2943 181 3038 qui,
204 2955 339 3038 praeter
365 2942 597 3038 septuaginta
622 2942 793 3032 seniores,
813 2945 1077 3041 prophetarent
1102 2948 1141 3020 in

106 3054 248 3141 castris,
267 3054 389 3127 Moses
415 3054 553 3127 factum
578 3078 705 3127 eorum
721 3058 960 3153 approbavit3
987 3061 1040 3132 ita
1058 3061 1142 3133 Ser·

107 3180 212 3241 vator
235 3183 370 3255 noster,
388 3179 634 3264 conquerente
651 3169 793 3243 Joanne
819 3172 918 3268 quod
942 3184 1063 3246 essent
1080 3173 1142 3270 qui

106 3280 145 3352 in
164 3281 311 3353 nomine
329 3283 407 3376 ejus
425 3281 620 3376 ejiciebant
638 3283 828 3374 daemonia,
846 3283 984 3360 sactum
1012 3311 1141 3382 appro-

107 3393 218 3478 bavit,
242 3394 367 3466 dicens
392 3394 496 3485 (Luc.
514 3395 563 3467 ix.
583 3395 661 3489 50),
683 3421 728 3468 oe
741 3398 904 3494 prohibe
915 3426 929 3482 ;
957 3399 1142 3473 nobiscum

107 3508 201 3580 emim
219 3517 276 3579 est
294 3507 359 3603 qui
376 3531 446 3580 moa
464 3517 521 3579 eat
535 3518 665 3581 contro
683 3533 759 3581 moa.

157 3620 277 3692 Etiam
301 3620 339 3691 in
366 3620 596 3693 institutione
621 3634 947 3711 sacramentorum,
975 3636 1054 3696 tum
1076 3625 1143 3698 ad-

107 3732 294 3804 otiosioris
320 3733 358 3804 in
386 3756 540 3828 regnum
563 3733 644 3822 Dei,
673 3747 753 3808 tum
779 3739 1142 3827 commemorationis,

109 3846 282 3918 Servator
308 3858 433 3919 noster
460 3846 602 3919 Mosem
628 3860 666 3920 et
700 3849 948 3922 Abrahamum
981 3851 1143 3925 imitatus

108 3969 176 4031 est.
229 3960 332 4033 Sicut
361 3960 457 4032 enim
487 3962 643 4058 populus
671 3962 893 4035 Israeliticus
920 3965 1049 4036 habuit
1075 3988 1142 4061 pro

108 4085 340 4146 sacramento
363 4074 593 4147 admissionis
616 4076 653 4148 in
680 4099 834 4172 regnum
858 4077 926 4148 Dei
944 4077 1055 4149 ritum
1073 4079 1143 4150 cir-

109 4186 354 4274 cumcisionis,
373 4186 425 4258 ita
441 4186 578 4258 habent
604 4187 801 4262 Christiani
819 4189 930 4262 ritum
946 4191 1116 4286 baptismi
1132 4222 1141 4275 ;

109 4323 182 4392 quo
208 4321 295 4371 usus
321 4310 388 4388 est,
408 4300 540 4396 primo,
560 4301 746 4375 lohannes
771 4302 938 4399 Baptista
954 4303 993 4376 in
1020 4327 1144 4401 recep·

930 4437 955 4488 a
971 4437 1028 4488 Aa
