2926 4980
112 597 190 645 CAP.
205 597 308 648 XXlll.

139 678 281 705 bna-⁴

128 740 161 782 De
171 746 262 797 potesta

127 805 154 847 tis
164 819 254 848 summm
264 806 302 848 rni-

124 870 199 912 nutris
212 869 312 926 publicis.

328 384 395 449 182
697 397 751 448 nn
771 397 976 449 crvrrrrrs.

323 565 386 660 qui
404 588 582 636 summam
608 565 756 636 habenti
781 575 1001 660 potestatem
1036 564 1203 636 minister
1233 577 1290 636 est
1324 577 1366 636 ut

323 701 490 775 personae
508 677 677 766 naturali,
697 678 862 750 minister
879 676 1048 773 publicus
1065 700 1140 749 non
1167 689 1236 748 est.
1290 678 1365 752 Qui

324 815 420 864 vero¹
438 791 606 864 minister
636 790 799 887 ejusdem
827 805 882 862 est
912 791 951 862 in
974 788 1293 863 administratione
1310 791 1365 862 rei

324 905 493 1002 publicae,
507 905 568 977 ille
585 904 751 976 minister
768 903 934 998 publicus
948 915 1015 974 est.
1065 902 1251 976 Janitores
1264 926 1366 999 ergo,

326 1019 457 1106 nuntii,
476 1018 610 1113 aliique
623 1017 782 1089 ministri
797 1017 860 1111 qui
872 1017 1078 1089 inserviunt
1091 1016 1204 1088 coetui
1222 1039 1366 1088 summo

325 1145 475 1227 propter
492 1131 584 1202 nihil
601 1129 702 1203 alind
718 1143 854 1227 praeter
874 1129 1173 1202 commoditatem
1200 1130 1365 1225 ipsorum

325 1247 388 1342 qui
401 1245 616 1339 congregati
629 1255 725 1332 sunt,
738 1243 893 1315 ministri
903 1242 1040 1337 publici
1050 1266 1123 1315 non
1137 1254 1233 1314 sunt.
1262 1242 1367 1316 Idem

326 1359 371 1431 de
390 1359 502 1431 servis
519 1371 556 1431 et
586 1357 731 1429 famulis
759 1356 969 1429 domesticis
987 1357 1208 1445 monarchae,
1227 1357 1266 1429 in
1282 1380 1367 1452 per·

325 1497 415 1545 sona
431 1472 588 1544 naturali
607 1470 840 1560 considerati,
859 1469 1054 1542 dicendum
1072 1480 1139 1542 est.

376 1587 633 1658 Ministrorum
646 1584 876 1680 publicorum
891 1583 1072 1679 aliquibus
1086 1583 1200 1655 totius
1214 1583 1368 1656 dominii

326 1699 607 1772 administrandi
643 1722 731 1770 cura
759 1698 1029 1781 committitur3
1056 1708 1097 1770 ut
1115 1696 1263 1793 qnando
1280 1722 1367 1793 pro-

327 1812 460 1884 tectori
477 1810 685 1883 monarchae
703 1810 852 1882 infantis
869 1810 915 1882 ab
934 1822 1164 1882 antecessore
1182 1833 1248 1882 suo
1267 1833 1368 1883 com-

327 1925 487 1997 mittitur
522 1924 638 1996 tutela
664 1948 748 1997 cum
782 1935 863 1996 tota
883 1916 1001 2018 ⁸regni
1036 1922 1367 1995 administratione.

329 2037 485 2112 Quando
499 2037 537 2108 id
554 2038 609 2125 fit,
628 2036 717 2108 civis
734 2035 984 2131 unnsquisque
998 2034 1051 2107 illi
1062 2034 1213 2108 obedire
1227 2035 1368 2131 obliga-

327 2163 399 2239 tur,
419 2162 456 2223 et
472 2151 651 2246 imperata
679 2150 756 2244 ejus
773 2148 906 2238 facere,
926 2159 1105 2244 qnatenus
1122 2149 1161 2220 in
1191 2149 1288 2244 regis
1314 2149 1369 2221 in-

327 2263 437 2337 fantis
468 2264 616 2337 nomine
645 2263 896 2357 imperabitur,
914 2274 952 2334 et
981 2275 1161 2359 quatenus
1188 2261 1368 2358 imperata

327 2379 407 2474 ipsa
431 2377 605 2473 potestati
637 2400 788 2449 summae
815 2375 965 2448 infantis
992 2399 1067 2447 non
1096 2376 1365 2470 repugnabunt.

329 2492 507 2563 Ministris
525 2489 706 2585 aliquibus
734 2489 933 2584 provinciae
959 2499 1104 2560 tantum
1126 2489 1368 2561 committitur

328 2603 625 2684 administratio;
670 2613 711 2673 ut
745 2601 891 2696 quando
926 2601 1126 2673 monarcha
1158 2601 1217 2673 vel
1253 2614 1369 2674 coetns

329 2741 490 2790 summus
518 2714 716 2810 provinciae
742 2715 895 2808 alicujus
922 2713 1148 2809 praefectum,
1166 2712 1288 2786 locum
1315 2729 1367 2786 te-

328 2841 488 2913 nentem,
506 2827 564 2898 vel
581 2850 789 2922 pro-regem
806 2825 906 2898 facit.
960 2825 1072 2899 Quod
1089 2851 1172 2897 cum
1189 2828 1243 2912 fit,
1261 2851 1369 2899 unns·

329 2943 482 3036 quisque
500 2940 778 3036 provincialium
795 2950 944 3011 tenetur
960 2939 1013 3010 illi
1030 2939 1179 3011 obedire
1194 2940 1231 3012 in
1253 2942 1370 3013 omni-

327 3056 408 3141 buS,
443 3077 524 3148 qnae
558 3052 766 3124 monarchae
800 3052 858 3123 rel
893 3053 1025 3123 summi
1060 3066 1179 3125 coetns
1219 3055 1369 3127 nomine

328 3168 617 3261 imperabuntnr,
637 3190 704 3237 nec
718 3167 895 3260 potestati
911 3191 1061 3239 summae
1075 3169 1261 3240 contraria
1272 3182 1368 3242 sunt.

327 3280 516 3375 Ejusmodi
535 3279 633 3351 enim
652 3280 808 3352 ministri
831 3282 891 3375 jus
917 3280 1058 3352 nullum
1086 3280 1238 3366 habent,
1272 3282 1370 3377 quod

328 3418 401 3465 non
422 3393 602 3487 dependet
620 3418 642 3464 a
658 3394 845 3466 voluntate
864 3418 1015 3466 summae
1033 3395 1236 3489 potestatis.
1290 3397 1369 3467 Hu-

295 3524 301 3531 '
325 3507 486 3601 jusmodi
498 3508 782 3579 autemministri
795 3507 931 3602 publici
943 3509 1063 3580 nervis
1074 3507 1369 3604 tendinibnsqne,

331 3622 461 3716 quibus
479 3622 641 3715 corporis
660 3623 808 3693 humani
826 3635 1021 3694 moventur
1039 3634 1151 3709 artus
1166 3623 1370 3716 comparari

329 3748 493 3831 possunt.

376 3848 740 3921 Administrationem
761 3849 898 3921 habent
920 3849 983 3920 alii
1007 3849 1238 3945 negotiorum
1254 3863 1372 3921 certo-

331 3988 412 4035 rum
432 3964 540 4050 domi,
560 3963 621 4034 alii
639 3962 738 4033 foris.
790 3962 896 4033 Domi
929 3963 1095 4034 minister
1122 3962 1292 4057 publicus
1316 3974 1371 4035 est

331 4077 378 4148 ad
396 4076 638 4148 oeconomiam
657 4074 827 4161 civitatis
848 4075 1121 4162 thesuararins,
1135 4076 1194 4147 cui
1212 4075 1371 4148 civitatis

332 4190 470 4262 reditus
500 4188 709 4284 recipiendi,
741 4189 921 4276 seruandi,
953 4189 1140 4285 erogandi,
1165 4189 1370 4261 authoritas

332 4315 387 4373 est
415 4303 500 4374 data
519 4327 699 4375 asumma
733 4314 926 4397 potestate,
945 4312 983 4374 et
1017 4303 1076 4375 cui
1094 4302 1278 4375 redituum
1312 4326 1369 4374 ra·
