2926 4980
481 362 534 412 oo
554 361 761 413 crvrrsru.
1063 346 1138 414 209

102 539 260 603 tasmata
274 531 372 604 cives
387 544 585 621 sumerent,
599 532 659 603 vix
670 530 743 603 duo
755 541 889 617 essent,
904 529 1023 625 quide
1037 553 1139 602 man·
1151 561 1228 610 cip,
1240 561 1338 612 χχιιι,

103 641 199 715 datis
213 644 283 716 Dei
301 645 397 718 inter
413 669 452 718 se
470 669 543 718 non
562 645 809 733 dissentirent,
820 644 894 716 imo
909 644 1019 716 etiam
1038 667 1138 716 man·
1179 643 1319 761 Μ

104 754 190 828 data
216 757 374 829 civitatis
399 782 474 830 non
500 769 788 831 contemnerent.
856 757 947 830 Dico
974 781 1074 852 ergo,
1100 757 1139 828 in
1179 770 1285 814 civilibus

102 871 210 943 rebus
228 871 397 943 omnibus
414 871 487 966 legi
504 871 644 958 morali,
664 870 702 942 id
726 879 792 959 est,
811 869 883 964 legi
906 881 1047 942 naturae
1064 891 1140 941 non

102 984 308 1072 contrariis
327 984 424 1057 cives
442 1009 569 1058 omues
595 983 749 1080 obligari
775 995 816 1055 ut
833 1008 900 1079 pro
917 983 998 1079 lege
1017 982 1141 1056 divina

102 1096 261 1169 habeant
279 1095 453 1192 quicquid
478 1121 500 1169 a
524 1097 605 1192 lege
632 1096 729 1169 civili
746 1119 813 1191 pro
839 1097 920 1192 lege
939 1096 1063 1169 divina
1080 1095 1142 1168 de-

102 1208 274 1282 claretur.
327 1208 567 1281 Manifestum
585 1209 682 1281 enim
709 1223 765 1280 est
791 1207 829 1280 id
856 1208 958 1305 quod
984 1218 1138 1281 nonest

102 1335 235 1396 eontra
250 1322 368 1417 legem
383 1323 598 1410 naturalem,
616 1322 696 1393 fieri
713 1346 818 1417 posse
832 1347 855 1394 a
868 1346 1009 1393 summa
1022 1333 1143 1417 potes-

103 1445 180 1508 tate
205 1437 324 1531 legem
354 1436 508 1508 civilem.
578 1436 707 1530 Neque
738 1436 776 1507 in
806 1435 880 1507 ulla
909 1446 1013 1531 parte
1044 1436 1141 1508 orbis

104 1560 283 1621 terrarum
297 1548 512 1643 permissum
524 1562 578 1622 est
591 1561 655 1620 aut
666 1547 738 1620 fuit
748 1548 887 1620 civibus
899 1548 1074 1621 mandata
1087 1549 1142 1621 di-

104 1661 191 1732 vina
215 1660 286 1732 alia
311 1660 417 1733 factis
444 1663 518 1734 suis
544 1661 772 1757 praetendere
799 1673 994 1757 praeterea
1012 1687 1093 1758 quae
1120 1689 1140 1736 a

103 1773 254 1846 civitate
272 1775 532 1870 approbantur.
583 1777 631 1848 Et
651 1788 693 1848 ut
718 1775 883 1848 civitates
910 1776 1139 1864 Christianae,

104 1886 317 1960 deficientes
336 1912 358 1960 a
384 1889 560 1984 religione
578 1889 795 1976 Christiana,
813 1889 866 1961 ita
883 1889 1049 1961 civitates
1068 1914 1141 1962 non

105 2001 364 2086 Christianae‚a
374 2001 551 2097 religione
565 2026 631 2074 sua
643 2002 864 2090 deficientes
878 2003 1000 2099 puniri
1012 2003 1140 2075 solent.

154 2113 408 2186 Distinxerunt
424 2114 521 2208 leges
539 2115 613 2202 alii,
631 2117 669 2187 in
683 2115 994 2211 ‚fundamentales
1017 2127 1054 2187 et
1072 2139 1142 2188 non

89 2225 414 2322 fundamentales.
449 2226 755 2300 Fundamentum
770 2229 809 2300 in
824 2252 1041 2322 unaquaque
1055 2228 1142 2299 civi-

105 2349 181 2412 tate
204 2338 267 2411 illa
291 2352 358 2428 est,
377 2365 449 2435 qua
476 2340 618 2413 sublata
641 2341 769 2412 civitas
797 2340 1016 2413 dissolvitur.
1068 2342 1143 2413 Lex

105 2463 227 2524 autem
256 2452 366 2523 unica
384 2452 689 2548 fundamentalis
719 2465 786 2542 est,
809 2466 853 2525 ut
886 2452 1019 2549 singuli
1047 2454 1144 2526 cives

105 2588 270 2661 personae
288 2565 457 2655 civitatis
472 2566 510 2639 id
528 2578 594 2654 est,
613 2591 791 2638 summam
812 2566 964 2639 habenti
981 2577 1143 2662 potesta-

104 2690 193 2765 tem,
204 2678 448 2751 obedientiam
462 2691 648 2774 praestent.
686 2679 782 2751 Nam
796 2703 839 2751 ea
850 2678 1004 2767 sublata,
1016 2679 1143 2752 civitas

105 2792 207 2864 nulla
230 2803 310 2873 est3
337 2814 381 2863 ea
403 2803 534 2879 stante,
553 2792 680 2864 civitas
708 2802 841 2863 manet.
893 2793 948 2865 De
966 2792 1144 2866 divisione

106 2904 227 3000 legum
244 2916 388 2977 tantum
409 2917 497 2978 esto.

158 3018 309 3090 Invenio
326 3043 435 3091 voees
454 3018 573 3116 legem
584 3017 727 3090 civilem
741 3030 778 3090 et
790 3019 858 3114 jus
872 3018 982 3091 ciuile
995 3044 1017 3091 a
1030 3019 1143 3114 scrip-

106 3131 248 3204 toribus
265 3132 468 3226 promiscue
491 3144 684 3227 usurpatas
712 3155 812 3214 esse3
840 3133 938 3227 quod
964 3133 1043 3204 fieri
1069 3157 1143 3204 non

106 3244 228 3316 debet.
264 3244 334 3314 Jus
345 3244 442 3316 enim
456 3244 615 3316 libertos
634 3257 699 3332 est,
712 3245 749 3315 id
763 3256 828 3330 est,
843 3246 1016 3339 alegibus
1030 3245 1143 3317 civili-

106 3359 175 3429 bus
198 3357 392 3452 exemptio.
445 3357 593 3443 Contra,
625 3356 685 3428 lex
712 3357 828 3429 civilis
858 3359 1043 3456 obligatio
1075 3369 1142 3444 est,

107 3470 316 3542 libertatem
334 3494 355 3540 a
372 3482 505 3542 natura
522 3469 644 3541 (latam
670 3470 801 3542 tollens
825 3485 888 3543 aiut
907 3472 1141 3565 restringens.

62 3654 68 3665 .
108 3584 178 3655 Per
206 3596 375 3654 naturam
405 3583 501 3655 enim
529 3583 723 3677 unicuique
744 3585 803 3678 jus
831 3598 910 3656 erat
940 3583 1077 3655 viribus
1106 3595 1144 3655 et

106 3694 341 3768 facultatibus
360 3695 432 3768 suis
450 3696 505 3768 sui
520 3696 630 3792 ipsius
643 3696 793 3768 arbitrio
813 3698 961 3780 utendi;
989 3697 1027 3768 id
1044 3695 1144 3791 quod

107 3808 167 3880 lex
198 3807 325 3897 civilis,
350 3808 420 3879 nisi
450 3809 582 3902 quibus
613 3808 702 3903 legis
730 3809 845 3882 civilis
878 3810 1143 3905 protectionem

109 3932 230 3994 tutum
248 3946 322 3994 non
339 3932 417 3992 erat
430 3933 634 4017 expectare,
652 3922 808 3994 sustulit.

531 4157 722 4167 *-
