2926 4980
332 394 548 448 arnnnnrx
566 392 622 445 nn
642 390 897 443 nnvrnrnnrs.
1064 369 1136 448 527

92 576 131 637 et
147 561 339 636 meminit?
392 559 589 638 Quomodo
617 559 856 632 refutabunt?
911 556 1138 630 Ratiocinari

93 677 268 773 quidest,
286 676 355 750 nisi
374 677 484 749 rebus
502 676 690 771 imponere
708 672 868 761 nomina,
882 671 1033 744 nomina
1050 692 1138 743 cou-

1195 581 1273 632 CAP.
1287 581 1311 630 1.

1180 663 1322 699 *ar-³

1178 735 1213 778 Dc
1222 733 1323 791 symbolo

92 803 240 864 nectere
270 790 307 862 in
335 789 446 877 dicta,
464 788 564 861 dicta
585 787 809 882 conjungere
827 786 865 858 in
882 782 1138 882 syllogismos?
1176 801 1268 844 niceno·

93 904 153 977 Ab
176 903 233 976 his
252 903 297 976 fit
321 901 523 976 dialectica.
578 897 772 973 Quomodo
797 909 876 971 erat
899 899 937 971 in
964 896 1138 970 Paradiso

95 1015 228 1106 Adam,
253 1026 340 1089 ante
367 1015 518 1089 nomina
547 1014 594 1087 ab
625 1014 705 1110 ipso
739 1013 921 1109 imposita,
949 1012 1140 1086 rationalis

95 1130 212 1225 magis
226 1153 336 1226 quam
354 1141 488 1202 caetera
505 1127 689 1215 animalia,
701 1126 770 1199 nisi
787 1127 955 1223 potentia
972 1124 1139 1198 tantum?

96 1242 184 1315 Non
197 1243 368 1316 videntur
386 1266 475 1339 ergo
488 1242 579 1315 mihi
598 1240 765 1314 homines
779 1240 955 1336 distingui
972 1241 1141 1313 substan-

97 1355 233 1429 tialiter
250 1380 272 1428 a
288 1356 419 1443 brutis,
438 1378 482 1428 eo
508 1353 609 1450 quod
632 1353 685 1426 illi
711 1353 911 1449 disputant,
928 1355 1040 1426 bruta
1064 1377 1140 1426 non

97 1466 298 1563 disputant.
350 1468 559 1563 Expectent
585 1465 646 1538 alii
664 1465 976 1538 immortalitatem
994 1465 1140 1561 qualem

96 1580 232 1662 velint3
258 1603 328 1675 ego
355 1578 456 1652 illam
481 1589 649 1675 expecto,
667 1602 788 1674 quam,
806 1578 905 1652 victa
924 1593 1055 1669 morte,
1073 1603 1141 1653 no-

98 1691 155 1764 bis
172 1715 238 1764 suo
256 1692 434 1787 sanguiue
451 1691 646 1785 acquisivit
664 1690 842 1764 Christus.

149 1806 183 1876 A
190 1862 198 1878 .
226 1804 328 1879 Quid
353 1805 467 1879 sentis
494 1803 541 1877 de
563 1826 655 1877 voce
679 1802 849 1900 Deipara‚
867 1828 978 1902 quam
996 1804 1142 1878 Sanctae

100 1918 245 2014 Virgini
263 1919 473 1991 attribuunt
489 1917 665 2013 plurimi?

148 2032 197 2104 B.
225 2029 269 2104 Id
286 2030 430 2120 mulier,
447 2040 491 2102 ut
518 2028 608 2101 mihi
625 2028 784 2118 videtur,
803 2040 902 2104 recte
928 2029 1001 2104 dici
1018 2043 1142 2126 potest

91 2167 251 2242 parere,
266 2143 366 2239 quod
382 2143 421 2215 in
437 2153 547 2238 partu
564 2141 746 2239 producit.
800 2143 875 2217 Sed
890 2142 1064 2238 produxit
1081 2144 1144 2217 illa

100 2256 287 2329 Christum
319 2255 441 2328 Deum
469 2266 507 2328 et
531 2255 731 2346 hominem,
750 2257 836 2352 quia
859 2256 1061 2352 assumptio
1078 2279 1143 2329 na-

99 2380 194 2441 turae
211 2369 382 2442 humanae
399 2382 551 2465 peracta
577 2369 648 2441 fuit
664 2371 702 2443 in
721 2384 839 2442 utero.
892 2371 1038 2467 Peperit
1055 2394 1144 2467 ergo

100 2482 222 2555 Deum
238 2494 277 2554 et
294 2482 493 2554 hominem.
546 2482 681 2556 Geuuit
708 2495 832 2556 autem
857 2484 1043 2557 hominem
1062 2496 1143 2557 tan-

101 2606 194 2684 turn,
213 2598 292 2668 siue
309 2595 448 2668 semine
464 2595 546 2684 viri,
564 2597 668 2692 cujus
695 2599 843 2672 seminis
860 2598 936 2671 vim
962 2599 1145 2696 supplevit

102 2708 212 2782 Deus.

153 2823 202 2895 A.
230 2820 304 2895 Sed
320 2846 416 2895 nova
444 2824 505 2897 hic
528 2825 647 2897 oritur
664 2824 872 2915 difficultas,
890 2847 1035 2920 nempe,
1053 2849 1144 2920 quo-

103 2934 214 3008 modo
242 2934 338 3007 filius
356 2937 497 3027 Mariae,
515 2937 639 3026 idest,
658 2961 742 3010 caro
761 2937 911 3027 Christi,
934 2962 1010 3012 non
1034 2939 1082 3013 sit
1100 2938 1145 3011 de

103 3047 309 3121 substantia
325 3047 459 3123 divina.

154 3162 203 3234 B.
231 3161 289 3234 Ne
317 3160 475 3236 hominis
500 3161 650 3258 quidem
673 3185 719 3233 ex
743 3162 892 3235 homine
917 3164 1035 3259 geniti
1060 3188 1145 3238 caro

104 3290 160 3351 est
174 3276 220 3349 de
238 3275 445 3349 substantia
469 3275 646 3371 genitoris
663 3275 730 3364 sui,
748 3274 819 3348 nisi
836 3276 965 3350 credas
981 3277 1032 3368 id,
1047 3276 1146 3374 quod

103 3390 280 3477 nascitur,
297 3388 378 3461 fieri
396 3413 442 3462 ex
462 3388 600 3461 semine
625 3400 668 3460 ut
693 3411 739 3460 ex
756 3390 921 3462 materia.
974 3391 1147 3464 Foeminae

104 3502 255 3598 sanguis
271 3501 349 3575 sola
366 3513 421 3574 est
438 3500 594 3574 materia
609 3499 732 3590 foetus,
743 3525 809 3596 per
826 3503 1040 3575 alimentum
1058 3528 1148 3600 quo·

105 3616 288 3690 tidianum
305 3638 474 3687 crescens
492 3613 671 3708 usquead
686 3614 939 3709 parturitionis
955 3618 1147 3690 maturita-

105 3740 192 3803 tem.
246 3729 380 3800 Semen
397 3728 436 3801 in
454 3740 560 3801 utero
579 3751 689 3800 causa
711 3728 870 3800 efficiens
888 3741 943 3802 est
968 3730 1148 3803 foecundi-

106 3842 206 3930 tatis,
225 3865 301 3913 non
317 3841 472 3914 materia
488 3841 610 3914 foetus.
651 3840 690 3913 Si
709 3840 836 3912 credas
853 3865 942 3937 ergo
959 3843 1148 3916 foeminam

105 3953 297 4052 gravidam
323 3953 402 4026 fieri
429 3977 536 4050 posse
556 3954 693 4026 virtute
724 3952 871 4025 seminis
898 3954 1059 4043 humani,
1082 3980 1149 4028 cur

107 4068 254 4140 dubitas
281 4089 329 4139 an
356 4065 453 4140 idem
483 4066 563 4138 fieri
587 4067 702 4162 possit
727 4065 864 4138 virtute
890 4066 959 4139 Dei
985 4069 1149 4165 omnipo-

106 4177 246 4255 tentis?

159 4294 206 4366 A.
235 4292 369 4365 Nonne
394 4302 459 4363 tua
487 4290 556 4362 hac
580 4291 735 4380 ratione,
754 4315 836 4364 oum
856 4291 925 4366 Dei
943 4294 1149 4369 substantia
