2926 4980
324 298 398 363 496
575 312 630 365 DE
650 314 792 366 RBGNO
810 314 1117 370 TBNBBRARUM.

118 508 198 557 ω
213 508 310 561 xcvr
323 489 491 575 tempore
514 478 667 553 Carolus
685 482 857 577 Magnus,
874 506 939 557 rex
955 484 1096 575 Galliae,
1114 484 1390 561 Romanorum

135 592 282 695 „W
324 592 450 665 hostes
483 592 709 666 lombardos
738 597 934 691 superavit,
968 596 1100 669 eodem
1128 597 1212 671 Leo
1244 601 1388 675 tertius

133 717 281 827 'inimus
325 706 520 778 schismate
538 706 656 779 Roma
672 708 845 804 expulsus
869 720 936 781 est.
987 708 1149 783 Leonem
1167 722 1308 785 autem
1326 738 1386 787 re·

133 795 148 837 Ρ
174 782 281 840 mh*
325 818 431 891 duxit
456 818 621 907 Carolus,
649 821 746 893 etin
775 836 915 918 papatu
943 823 1204 907 confirmavit;
1232 839 1277 899 et
1306 826 1385 901 leo

324 932 466 1028 imperii
503 932 742 1005 occidentalis
776 935 1033 1031 imperatorem
1062 936 1153 1009 fecit
1182 938 1382 1031 Carolum,

323 1068 433 1141 quem
450 1045 596 1142 publice
613 1046 651 1118 in
669 1046 739 1119 Dei
755 1049 905 1121 nomine
927 1073 1066 1122 corona
1090 1050 1283 1147 imperiali
1312 1054 1383 1128 do-

323 1160 438 1247 navit,
465 1160 602 1256 populo
631 1160 858 1234 acclamante
884 1160 990 1234 Deua
1016 1162 1136 1236 dedit.
1204 1165 1379 1263 Regibus

323 1273 413 1346 hinc
429 1273 557 1345 Galliae
575 1272 705 1345 titulus
722 1286 922 1370 perpetuus
937 1275 1019 1363 fuit,
1045 1276 1123 1349 Dei
1136 1278 1283 1375 gratia
1304 1304 1379 1353 m

326 1384 480 1472 Gallice,
499 1400 538 1457 et
556 1386 593 1457 in
611 1411 725 1484 reges
745 1386 939 1486 Paparunr
965 1388 1188 1461 eluminatus.
1245 1392 1377 1467 Quem

322 1498 549 1570 dominatum
585 1514 627 1572 ut
657 1514 893 1574 conservaret
921 1501 1096 1590 ecclesiae,
1127 1526 1244 1577 senex
1281 1506 1375 1597 Leo,

321 1612 590 1685 mundanarum
607 1638 730 1686 rerum
756 1616 908 1711 peritus,
935 1614 1124 1711 problema
1147 1616 1278 1690 nobile
1307 1642 1375 1693 ex·

320 1726 510 1819 cogitavit,
542 1751 664 1825 regna
694 1728 728 1799 C
726 1727 995 1801 hristiauorum
1029 1750 1161 1825 regum
1195 1728 1374 1827 ipsorum

320 1838 437 1909 (irruis
453 1840 575 1912 omnia
601 1842 638 1913 in
665 1865 707 1914 se
724 1841 968 1938 trunfferm
992 1853 1030 1913 et
1045 1839 1214 1936 perfecit.

371 1953 456 2025 Post
467 1977 581 2027 unum
593 1955 691 2026 enim
703 1967 768 2027 ant
780 1954 937 2027 alterum
950 1953 1182 2041 annum,Leo
1192 1957 1373 2050 pontifex

320 2066 491 2140 Carolum
505 2070 765 2164 imperatorem
777 2068 825 2139 ad
839 2068 1104 2141 universitates
1116 2091 1184 2163 per
1198 2068 1373 2145 dominia

319 2204 386 2253 sua
409 2181 666 2269 instituendas,
688 2182 753 2255 ubi
776 2182 893 2254 literae
921 2193 959 2253 et
985 2180 1150 2253 scientiae
1177 2182 1372 2259 mriversae

319 2292 553 2383 docerentur,
572 2318 638 2391 per
663 2295 787 2367 literas
817 2318 901 2367 suas
923 2294 1092 2367 hortatus
1109 2305 1178 2366 est.
1233 2296 1371 2392 ltaque

320 2408 465 2479 Parisiis
483 2409 543 2480 ille
557 2407 833 2480 universitatem
851 2407 969 2478 erexit
981 2406 1138 2502 primam
1153 2439 1163 2490 ;
1181 2421 1221 2480 et
1232 2424 1371 2504 postea

317 2521 407 2592 alias
425 2522 485 2593 alii
504 2545 609 2616 reges
632 2522 671 2592 in
689 2519 851 2592 dominio
866 2520 1020 2615 quisque
1037 2543 1116 2607 suo,
1135 2523 1291 2595 structis
1310 2525 1369 2598 in-

318 2636 541 2733 structisque
558 2636 606 2708 ad
624 2634 747 2707 studia
757 2633 933 2728 collegiis,
947 2632 1088 2729 legibus
1100 2632 1149 2705 ad
1162 2636 1368 2710 arbitrium

315 2749 500 2843 pontificis
530 2749 685 2822 Romani
710 2747 979 2842 gubernandas.
1035 2747 1130 2819 Tum
1161 2746 1316 2822 demum
1345 2777 1368 2824 a

315 2861 499 2957 magistris
518 2861 738 2947 lombarda,
758 2860 882 2945 Scoto,
899 2860 1052 2948 Thoma,
1065 2883 1110 2931 ex
1127 2859 1368 2959 philosophia

315 2976 525 3048 Aristotelis
543 2987 579 3047 et
598 2973 796 3069 Scripturis
814 2972 936 3044 Sacris
963 2971 1167 3055 commista,
1185 2990 1277 3047 nata
1309 2994 1368 3050 est

314 3088 501 3182 theologia
515 3114 597 3185 quae
615 3088 751 3159 dicitur
764 3084 994 3158 scholastica.
1046 3086 1286 3160 Docebantur
1299 3114 1368 3161 au-

313 3213 390 3272 tem
418 3202 456 3272 in
482 3202 782 3275 universitatibus
811 3199 944 3294 logica,
971 3199 1134 3296 physica,
1165 3201 1366 3299 metaphy-

314 3315 401 3401 sica,
425 3314 558 3404 ethica,
589 3314 741 3410 politica
767 3311 988 3400 Aristotelis,
1007 3313 1110 3407 quasi
1136 3312 1364 3390 universitas

313 3429 550 3500 scientiarum
580 3429 618 3499 in
652 3452 727 3499 uno
754 3438 861 3512 esset,
890 3426 1050 3498 maximo
1079 3440 1169 3498 tunc
1191 3426 1365 3502 ecclesiae

312 3555 429 3635 patre,
458 3540 666 3613 Aristotele.
729 3538 917 3631 Praecipue
945 3562 1032 3610 vero
1062 3538 1110 3610 ad
1140 3540 1365 3613 verecundae

312 3653 570 3725 adolescentiae
604 3655 764 3725 frontem
798 3652 1104 3741 confirmandum,
1130 3652 1168 3723 in
1196 3651 1365 3747 disputa-

311 3766 474 3838 tionibus
501 3777 538 3837 et
565 3764 892 3839 declamationibus
917 3765 1074 3861 publicis
1104 3764 1362 3840 adolescentes

312 3881 589 3968 exercebantur,
616 3904 689 3974 quo
721 3879 898 3950 Romanae
926 3877 1091 3949 ecclesiae
1119 3876 1296 3972 dogmata
1321 3893 1361 3953 et

311 3993 492 4064 sustinere
510 4004 547 4063 et
564 3992 764 4088 praedicare
782 4003 945 4085 possent.
1000 3990 1128 4085 ltaque
1154 4014 1221 4085 per
1238 3992 1359 4064 eccle-

309 4107 554 4195 siasticorum,
568 4130 610 4177 cx
627 4104 925 4177 universitatibus
939 4105 976 4175 in
995 4127 1123 4175 omnes
1140 4103 1216 4175 fere
1231 4103 1359 4178 Chris-

311 4219 402 4291 tiani
437 4220 536 4292 orbis
568 4221 690 4306 urbes,
726 4216 873 4313 oppida,
901 4217 1096 4313 parochias
1126 4215 1357 4306 emissorum,
