2926 4980
371 381 425 433 nu
445 381 584 434 anano
602 381 907 434 numunianum.
1090 369 1162 435 465

171 547 224 621 Ut
252 547 383 644 primo,
413 547 529 619 verbo
560 544 778 635 Solomonis,
809 548 965 640 (Eccles
999 547 1061 622 xii.
1091 551 1375 642 7):cAp,xt1v,

121 659 290 758 Spiritus
313 661 416 735 redit
445 661 500 734 ad
525 661 659 748 Deam,
676 661 742 757 qui
769 660 876 735 dedit
902 659 1018 734 illum.
1072 662 1166 738 Quae
1194 663 1351 769 „AE

120 775 233 847 verba
250 774 594 873 interpretationem
611 774 707 846 hauc
734 774 812 870 pati
837 786 1003 871 possunt,
1021 799 1165 872 nempe,
1193 789 1352 898 εξῑςιιὲιιιιὲ

121 886 215 959 scire
232 887 428 976 neminem,
447 886 513 960 sed
539 886 659 958 Deum
685 887 815 974 solum,
842 887 991 984 spiritus
1008 888 1166 962 hominis
1193 867 1373 963 ididiam

122 999 212 1095 qnid
229 999 377 1074 devenit
394 1012 433 1073 et
450 1023 523 1094 quo
537 999 666 1072 fertur.
719 998 850 1094 Neque
868 999 1093 1074 credendum
1110 1014 1167 1075 est
1195 984 1366 1042 mmm·

123 1111 262 1186 animas
280 1113 520 1209 reproborum
537 1112 657 1185 redire
668 1112 716 1184 ad
727 1112 857 1197 Deum,
871 1113 936 1209 qui
952 1114 1034 1187 illas
1052 1114 1166 1188 dedit.

123 1225 245 1299 Etiam
258 1225 356 1298 idem
371 1225 558 1312 Salomon,
574 1225 670 1313 (eod.
685 1224 747 1297 lib.
763 1249 827 1299 111.
845 1228 994 1318 19-21);
1013 1227 1168 1301 Idcirco

124 1363 217 1413 unns
235 1338 409 1411 interitus
426 1347 485 1411 cst
502 1337 659 1410 hominis
677 1348 716 1410 et
733 1335 876 1427 bestioe,
894 1349 932 1410 et
946 1364 1057 1436 ceqaa
1074 1341 1169 1412 utri-

124 1475 240 1549 usque
256 1451 449 1525 conditio:
474 1450 572 1523 sicut
596 1451 755 1525 moritur
772 1452 889 1541 tomo,
906 1463 945 1526 et
962 1452 1041 1526 iltae
1058 1454 1169 1526 mori-

125 1573 249 1653 untur,
268 1573 336 1637 etc.
392 1564 485 1650 Quis
503 1564 603 1637 renuit
620 1564 655 1638 si
675 1565 835 1664 spiritns
852 1565 1027 1660 filioram
1045 1566 1169 1640 Adam

126 1676 331 1751 ascendant
359 1701 515 1766 astruunt,
542 1687 581 1750 et
597 1677 633 1750 si
657 1678 819 1775 spiritus
841 1680 1090 1773 jumentorum
1108 1680 1170 1753 de-

125 1790 306 1863 scendant
336 1789 540 1864 deorsam?
593 1791 711 1865 Locus
740 1790 833 1863 alius
848 1805 916 1879 est,
931 1791 1021 1865 Gen.
1041 1818 1075 1864 v.
1096 1802 1169 1876 243

126 1903 189 1975 ubi
206 1902 253 1976 de
265 1903 419 2004 Enocpo
437 1903 593 1977 dicitur:
614 1901 831 1977 Ambatauit
844 1929 924 1977 canu
937 1905 1033 1995 Deo,
1047 1915 1084 1977 et
1100 1929 1170 1978 raon

126 2016 340 2112 apparuit;
376 2016 466 2113 qaia
495 2016 582 2090 tulit
606 2042 686 2090 erens
716 2016 845 2090 Deus:
873 2029 923 2107 et,
950 2018 1047 2093 Heb.
1065 2020 1115 2092 xi.
1135 2029 1169 2107 5,

128 2127 222 2203 Fide
238 2129 417 2203 Enoclius
435 2129 647 2203 tramittas
665 2140 735 2220 est,
753 2156 799 2204 aa
828 2131 976 2207 rideret
994 2142 1170 2214 mortens,-

129 2250 168 2314 et
191 2264 263 2313 non
292 2239 562 2331 inveniebatur,
589 2241 680 2338 qaia
701 2242 901 2316 transtulit
925 2243 1030 2316 illam
1053 2243 1170 2317 Dens.

128 2353 204 2428 Qui
216 2354 320 2426 loeus
338 2353 653 2427 immortalitatem
667 2356 831 2451 corporis
849 2381 924 2430 uon
946 2357 1069 2429 minus
1085 2382 1171 2454 pro-

128 2466 204 2554 bat,
222 2468 493 2561 quamanimae,
520 2478 557 2538 et
580 2467 714 2562 probat
732 2492 878 2563 quoque
892 2470 1171 2544 translationem

129 2579 241 2652 talem
258 2580 479 2676 peculiarem
498 2604 576 2653 esse
594 2581 825 2676 placentibus
852 2582 944 2670 Deo,
962 2583 1171 2678 dependen-

130 2705 279 2788 temque
291 2706 555 2782 nonanatura,
567 2693 632 2767 sed
650 2718 672 2767 a
688 2694 817 2789 gratia.
846 2696 921 2769 Sed
931 2706 1071 2785 contra,
1084 2696 1173 2791 quid

129 2807 431 2903 respondebimus
441 2807 561 2880 verbis
574 2808 791 2896 Solomonis,
809 2809 1021 2902 (Ecclesiii.
1034 2812 1171 2901 18-21):

130 2920 227 2993 Diui
252 2920 290 2994 in
308 2922 424 2996 corde
440 2946 517 2994 nneo
535 2922 582 2994 de
594 2920 698 3015 filiis
716 2921 909 3012 hominurn,
933 2932 973 2995 at
983 2921 1174 3021 probaret

131 3058 195 3106 eos
206 3034 324 3124 Dens,
336 3046 374 3108 et
385 3036 599 3109 ostenderet
609 3034 753 3108 similes
766 3059 849 3107 esse
861 3035 1011 3108 bestiis:
1029 3034 1174 3107 ideirco

130 3172 224 3221 anns
256 3147 433 3221 interitus
463 3157 522 3220 est
549 3147 706 3220 hominis
736 3157 774 3220 et
795 3150 1058 3243 jumentorum,
1088 3157 1172 3220 ete:

131 3259 308 3332 similiter
329 3261 481 3358 spirant
499 3259 632 3343 omnia,
656 3269 694 3331 et
720 3259 818 3333 nihil
843 3259 955 3333 labet
985 3260 1089 3332 homo
1108 3262 1174 3354 ja-

132 3381 251 3443 rnento
274 3372 448 3470 anplius,
473 3383 544 3446 etc.
599 3372 742 3446 Quibus
769 3373 889 3446 verbis
919 3372 1174 3446 immortalitas

133 3485 265 3557 animae
292 3507 358 3578 per
374 3496 544 3558 naturam
575 3497 744 3580 negatur,
760 3509 827 3581 per
844 3485 1001 3580 gratiam
1017 3510 1093 3558 non
1110 3510 1174 3558 ne·

132 3607 253 3691 gatur.
292 3597 431 3670 Ecclea
447 3596 494 3670 iv.
514 3608 551 3685 2,
570 3607 614 3671 3:
643 3598 819 3670 Laudari
849 3598 974 3696 magis
998 3609 1173 3688 mortuos,

134 3733 244 3806 quarn
261 3709 424 3782 uiuentes
435 3739 448 3783 .·
467 3719 505 3782 et
507 3711 729 3808 feliciorem
741 3722 899 3808 atroque
907 3712 1094 3807 judicavi,
1109 3713 1175 3808 qai

134 3821 290 3895 medam
307 3831 419 3894 natas
436 3832 506 3911 est,
524 3849 592 3896 nec
608 3822 704 3896 cidit
722 3823 823 3896 mata
837 3849 918 3920 qna
944 3822 1012 3896 sub
1028 3824 1088 3895 sol
1097 3883 1102 3892 Ι
1121 3826 1175 3919 fl-

135 3943 211 4006 unt.
264 3935 392 4007 Sermo
413 3933 485 4022 hic,
514 3934 544 4007 si
573 3935 715 4008 felicior
742 3935 790 4009 sit
807 3936 962 4030 quinon
980 3948 1037 4009 est
1054 3949 1174 4026 natus,

136 4069 246 4141 quam
275 4046 338 4143 qui
373 4057 513 4120 aeterna
538 4048 713 4121 felicitate
740 4048 887 4137 fruitur,
919 4050 1032 4123 durus
1067 4061 1173 4123 esset.

136 4160 288 4248 RursuS,
305 4159 445 4232 Euclea.
460 4159 508 4231 in.
530 4169 550 4232 5
567 4188 576 4230 ε
611 4159 781 4233 Viventes
799 4161 927 4235 sciant
943 4186 984 4234 se
1002 4185 1084 4234 esse
1101 4185 1175 4234 nro-

135 4273 306 4355 rituros;
332 4271 468 4376 mortui
486 4295 573 4344 cero
601 4272 698 4344 niltil
722 4286 901 4347 nouerant
918 4274 1092 4372 amplias,
1110 4299 1175 4347 nee

236 4407 330 4458 von.
347 4405 411 4457 ιιι.
1004 4411 1030 4460 a
1046 4409 1073 4459 ιι
