2926 4980
91 544 169 595 ΟΑΡ.
184 544 268 600 xnn.

108 626 250 664 b*-

106 685 141 729 De
150 693 255 745 potestne

105 751 256 799 eeclesiastica-

62 4564 273 4706 A

293 334 365 403 388
534 349 589 401 nu
609 348 804 404 crvrraru
824 352 1094 406 cunrsrnnu.

291 528 380 614 pata
392 526 450 590 est
466 514 513 588 ad
531 515 812 613 significandum
830 543 969 616 regem,
980 521 1139 594 aliumve
1152 527 1351 593 rectorem

292 629 429 728 populi,
442 628 517 703 sive
535 628 595 702 ille
613 629 755 726 legibus
773 632 848 705 sive
863 632 1033 707 doctrina
1050 643 1209 730 regeret.
1265 633 1352 708 Qui

292 743 479 841 apostolus
497 754 587 833 erat,
607 745 798 841 episcopus
828 758 930 832 erat;
957 748 1080 844 itaque
1107 746 1350 844 apostolatus

291 857 398 933 Judae
414 868 565 930 vocatus
580 869 636 930 est
656 858 756 947 (Act.
775 859 799 932 i.
818 861 883 953 20)
904 861 1161 959 episcopatus.
1212 860 1350 933 Etiam

291 983 376 1067 post
388 971 687 1045 constitutionem
700 973 1010 1070 presbyterorum,
1025 975 1064 1047 hi
1083 998 1232 1070 quoque
1244 974 1350 1070 epis·

293 1086 376 1181 copi
392 1085 630 1159 vocabantur.
683 1085 888 1182 Presbyter,
907 1086 1007 1183 quod
1029 1110 1164 1160 nomen
1183 1110 1263 1160 non
1280 1111 1349 1162 so-

292 1198 369 1273 lum
390 1199 509 1273 aetatis
534 1198 596 1270 sed
624 1197 733 1271 etiam
761 1199 872 1272 officii
902 1211 993 1288 erat,
1011 1210 1091 1272 erat
1106 1199 1346 1289 Timotheus,

292 1311 463 1407 idemque
482 1311 684 1406 episcopus.
721 1311 768 1384 Et
787 1312 824 1385 S.
835 1313 857 1385 J
860 1313 1034 1400 ohannes,
1049 1312 1112 1408 qui
1130 1335 1205 1384 non
1223 1313 1346 1388 modo

293 1425 495 1520 episcopus,
523 1423 588 1497 sed
616 1425 728 1496 etiam
754 1426 942 1522 apostolus
968 1437 1059 1516 erat,
1078 1426 1346 1523 presbyterum

296 1538 336 1632 (2
355 1537 470 1634 Epist.
493 1539 529 1630 l)
550 1560 588 1609 se
601 1538 771 1634 appellat.
804 1533 982 1613 'Constat
1000 1563 1088 1636 ergo
1106 1539 1260 1612 nomina
1276 1540 1346 1615 illa

293 1649 473 1748 episcopi.
496 1651 685 1748 pastoris,
715 1651 949 1749 presbyteri,
978 1652 1157 1742 doctoris,
1185 1653 1345 1726 nomina

293 1763 419 1852 fuisse,
436 1775 602 1860 tempore
620 1765 883 1861 apostolorum,
902 1765 1012 1838 officii
1029 1764 1205 1861 ejusdem.
1238 1765 1344 1839 Nam

294 1902 339 1952 co
365 1888 529 1974 ternpore
554 1901 629 1950 non
655 1878 820 1974 imperio,
839 1877 904 1951 sed
924 1877 1093 1951 doctrina
1110 1875 1149 1951 et
1166 1878 1342 1953 suasione

295 1990 487 2065 ecclesiam
525 1992 792 2088 gubernabant.
855 1993 1024 2088 Regnum
1065 1992 1133 2065 Dei
1167 1991 1342 2066 futurum

294 2114 383 2178 tunc
401 2116 480 2178 erat
496 2104 535 2178 in
551 2105 623 2178 alio
640 2105 778 2179 mundo
794 2135 803 2189 ;
830 2104 922 2177 adeo
940 2115 982 2177 ut
999 2128 1131 2200 cogere
1148 2105 1341 2180 neminem

294 2230 460 2315 pastores
485 2230 648 2316 potuere,
675 2219 761 2315 quia
785 2217 949 2290 nondum
973 2217 1101 2290 civitas
1130 2218 1207 2290 ulla
1223 2219 1341 2293 fidem

296 2331 541 2405 Christianam
557 2331 725 2427 amplexa
742 2342 850 2404 esset.

347 2445 484 2519 Praeter
513 2444 710 2542 apostolos,
744 2455 920 2540 pastores,
952 2443 1155 2540 episcopos,
1185 2445 1342 2543 presby-

297 2570 408 2649 toros,
427 2571 465 2633 et
482 2559 662 2646 doctores,
681 2556 882 2652 magisterii
912 2579 1047 2629 nomen
1075 2556 1217 2630 nullum
1244 2571 1341 2633 crat.

298 2671 459 2745 Nomina
476 2671 712 2770 evangelista
739 2680 776 2742 et
794 2669 1002 2767 propbeta,
1028 2693 1104 2742 non
1134 2670 1343 2745 officiorum

298 2810 445 2875 nomen,
463 2787 526 2859 sed
543 2784 746 2881 gratiarum
764 2793 855 2871 erat,
870 2782 1000 2877 quibus
1021 2783 1188 2880 discipuli
1203 2783 1344 2858 Christi

299 2901 462 2974 ecclesiis
496 2910 602 2971 erant
632 2897 760 2970 utiles:
797 2907 840 2967 ut
868 2895 1115 2991 evangelista,
1144 2897 1343 2972 scribendo

300 3014 505 3088 Servatoris
535 3011 653 3085 nostri
678 3010 792 3082 vitam
820 3019 857 3081 et
882 3008 1057 3097 actiones
1082 3010 1207 3104 quales
1233 3025 1344 3086 erant

302 3130 338 3201 S.
358 3129 557 3202 Matthaeus
575 3138 612 3198 et
629 3124 816 3197 Johannes
835 3122 1002 3217 apostoli,
1021 3135 1057 3195 et
1075 3124 1112 3195 S.
1126 3124 1275 3196 Marcus
1302 3137 1344 3198 et

301 3243 418 3315 Lucas
444 3239 636 3336 discipuli;
663 3253 712 3326 et,
731 3249 772 3309 ut
789 3236 902 3331 aliqui
928 3247 1162 3331 putaverunt,
1180 3238 1343 3312 Thomas

302 3367 340 3429 et
357 3355 557 3443 Barnabas,
577 3375 731 3448 quorum
750 3350 834 3421 libri
854 3351 891 3421 in
910 3374 1089 3423 canonem
1107 3351 1247 3446 recepti
1264 3375 1342 3424 non

303 3480 399 3542 sunt,
461 3467 583 3539 Etiam
614 3465 652 3536 in
687 3462 852 3535 ecclesiis
878 3486 921 3535 eo
954 3475 1120 3559 tempore
1149 3463 1344 3559 prophetae

303 3595 420 3670 erant,
435 3581 566 3677 quibus
583 3580 860 3651 Testamentum
876 3577 990 3649 Vetus
1008 3577 1277 3672 interpretandi
1304 3590 1345 3651 et

304 3697 522 3793 quandoque
561 3691 807 3789 prophetandi
845 3691 1004 3786 gratiam
1043 3691 1142 3763 Deus
1178 3690 1342 3764 dederat.

304 3809 435 3906 Neque
460 3807 559 3881 enim
581 3805 678 3877 dona
703 3802 795 3892 haec,
814 3826 933 3897 neque
960 3802 1096 3875 donum
1121 3803 1342 3898 linguarum,

304 3946 423 4018 neque
455 3919 623 4018 ejiciendi
651 3916 844 4002 daemonia,
862 3940 982 4012 neque
1004 3917 1151 3989 morbos
1177 3916 1343 4005 sanandi,

305 4036 369 4109 sed
385 4035 529 4109 vocatio
545 4044 689 4107 tanturn
707 4043 744 4104 et
761 4030 891 4103 electio
920 4030 1110 4103 doctorem
1128 4042 1191 4103 aut
1208 4029 1343 4127 magis-

305 4162 404 4224 trum
422 4150 460 4222 in
479 4147 632 4222 ecclesia
648 4145 816 4219 faciebat.

356 4262 460 4335 Sicut
477 4260 524 4334 ab
542 4258 696 4333 ecclesia
714 4257 1035 4332 constituebantur
1057 4257 1225 4354 apostoli,
1245 4256 1345 4330 Mat·
