2926 4980
345 330 414 396 190
715 350 768 400 nn
790 351 995 403 crvrmra.

138 511 488 591 cur.xx1v.colooio
506 526 571 587 aut
588 514 716 588 civitas
734 528 814 590 est:
841 530 883 591 ut
901 518 1048 615 quando
1066 543 1089 590 a
1106 516 1269 605 civitate,
1287 516 1384 590 unde

128 684 265 734 nessus,
275 693 303 735 s*
340 626 450 699 missa
466 640 532 716 est,
552 631 825 726 emancipatum
852 633 951 727 quod
968 656 1051 704 eum
1062 634 1116 720 fit,
1136 630 1277 719 civitae,
1288 630 1385 703 unde

125 751 208 858 {⁰¹³³
221 758 327 864 squas-a
339 738 449 812 missa
480 753 546 830 est,
574 743 792 840 metropolis
827 744 981 817 coloniae
1012 744 1086 817 dici
1120 743 1237 826 solet;
1266 767 1385 839 neque

156 830 235 874 ΒΜ
254 835 287 865 '²
338 853 492 949 amphus
506 878 529 925 a
545 854 689 928 colonia
699 857 874 952 postulat,
887 882 995 954 quam
1010 883 1033 930 a
1043 856 1128 929 filiis
1143 857 1384 953 emancipatis

336 971 522 1068 postulare
552 973 672 1045 solent
698 986 834 1069 patres
852 998 983 1070 nempe
1004 976 1183 1048 honorem
1201 986 1238 1047 et
1258 973 1384 1046 amici-

337 1085 447 1158 tiam:
475 1096 538 1158 aut
566 1086 735 1176 civitatis,
770 1088 868 1162 unde
900 1090 1071 1171 mittitur,
1095 1113 1180 1186 pars
1208 1098 1278 1177 est,
1308 1087 1382 1161 sive

336 1199 535 1293 provincia.
589 1200 822 1274 Coloniarum
836 1227 924 1297 ergo
938 1205 999 1299 jus
1017 1203 1202 1299 dependet
1218 1227 1242 1274 a
1266 1200 1381 1273 literis

336 1315 490 1409 publicis
508 1340 644 1406 earum,
662 1319 834 1414 aquibus
852 1332 939 1391 sunt
950 1320 1122 1409 conditae,
1138 1320 1344 1393 civitatum.

763 1606 957 1635 a:

659 1889 664 1897 ,
704 1809 864 1883 CAPUT
893 1810 1013 1882 XXV.

737 1983 783 2032 DE
805 1981 980 2033 CONSILIO.

338 2095 398 2170 Dn
426 2108 559 2170 natura
585 2121 707 2171 rerum
725 2122 770 2171 ex
798 2098 972 2194 loquendi
1001 2099 1265 2171 consuetudine
1283 2100 1380 2196 judi-

336 2236 432 2303 care,
448 2238 557 2310 quam
573 2213 622 2286 sit
639 2213 762 2302 fallax,
777 2238 958 2312 nusquam
969 2215 1085 2309 magis
1097 2225 1250 2310 apparet
1269 2239 1379 2311 quam

335 2330 375 2403 in
387 2332 537 2405 vocibus
551 2330 792 2405 consiliumet
804 2332 1026 2427 imperatum
1037 2358 1051 2412 ;
1070 2354 1226 2425 quorum
1237 2341 1379 2403 utrum-

336 2468 406 2540 que
434 2445 662 2540 significatur
691 2444 859 2531 dicendo,
884 2444 952 2515 hoc
967 2444 1076 2538 soc;
1103 2468 1185 2539 quae
1209 2469 1282 2516 vox
1302 2468 1377 2517 non

334 2558 444 2631 modo
462 2559 689 2653 imperantis,
708 2558 773 2630 sed
790 2557 902 2629 etiam
914 2556 1136 2628 consulentis
1148 2568 1185 2628 et
1194 2558 1379 2630 hortantis

334 2683 400 2743 est.
453 2672 564 2744 Pauci
578 2683 701 2744 tamen
714 2681 811 2758 sunt,
824 2671 888 2767 qui
899 2669 1044 2741 diversa
1061 2693 1139 2741 esse
1157 2669 1377 2764 imperatum

334 2797 372 2855 et
383 2785 591 2857 consultum
605 2810 679 2857 non
692 2785 779 2857 satis
791 2785 920 2872 sciant,
933 2783 990 2854 vel
1004 2782 1164 2878 (quoties
1179 2785 1260 2878 quis
1275 2798 1313 2856 et
1331 2785 1378 2857 ad

332 2921 442 2992 quem
453 2899 616 2995 loquitur
628 2902 871 2993 cognoscunt)
885 2896 1058 2970 nonsatis
1073 2896 1169 2969 inter
1180 2921 1224 2969 ea
1234 2899 1378 2994 possint

331 3010 549 3084 discernere.
583 3012 655 3084 Sed
673 3013 711 3083 in
725 3013 963 3106 scriptoribus
974 3034 1081 3082 voces
1096 3010 1175 3083 illas
1186 3013 1377 3107 negligen-

333 3136 391 3195 ter
407 3134 683 3219 praetereunteS,
702 3125 808 3196 multi
830 3135 1056 3219 praeceptum
1075 3124 1182 3212 illius,
1202 3125 1265 3220 qui
1290 3151 1378 3199 oon·

333 3236 453 3310 silium
475 3239 550 3326 dat,
570 3248 607 3310 et
632 3251 859 3334 praeceptum
877 3238 985 3326 illius,
1005 3237 1067 3333 qui
1085 3237 1252 3332 imperat,
1279 3238 1377 3310 idem

333 3375 411 3424 esse
442 3364 585 3448 putant.
639 3352 690 3424 Ut
720 3375 808 3446 ergo
839 3363 939 3423 reete
963 3351 1190 3446 intelligatur
1217 3351 1307 3446 quid
1329 3352 1378 3424 sit

332 3466 534 3563 imperare,
553 3465 641 3562 quid
658 3466 706 3537 sit
724 3465 914 3537 consilium
933 3465 1039 3553 clo-re,
1053 3481 1090 3536 et
1109 3464 1196 3559 quid
1215 3464 1376 3553 hortari,

332 3603 440 3652 voces
453 3579 533 3651 illas
550 3579 601 3651 sic
620 3578 766 3651 definio.

382 3693 581 3790 Imperare
598 3690 745 3778 dicitur,
764 3690 827 3786 qui
847 3689 936 3762 dicit
954 3690 1105 3786 lmesoc
1123 3688 1180 3760 vel
1198 3712 1269 3760 noo
1281 3690 1374 3784 fae,

332 3807 380 3879 ad
398 3806 500 3879 illum
524 3806 586 3901 qni
612 3805 793 3878 rationem
821 3804 910 3875 dicti
938 3804 977 3876 in
1003 3804 1190 3875 voluntate
1217 3802 1375 3876 dicentis

332 3920 439 3993 sitam
457 3943 535 3992 esse
559 3919 639 3992 seit.
693 3918 868 4014 Sequitur
895 3918 982 3990 hinc
1010 3941 1105 4003 eum,
1124 3915 1186 4012 qui
1204 3915 1373 4010 imperat,

332 4034 388 4106 sui
402 4034 515 4129 ipsius
525 4034 613 4105 boni
626 4055 736 4105 causa
752 4031 791 4102 id
804 4030 937 4118 facere,
949 4055 1031 4103 cum
1046 4030 1275 4102 voluntatem
1288 4053 1374 4125 pro-

331 4146 450 4240 priam
460 4171 527 4242 pro
541 4147 683 4219 ratione
693 4144 822 4218 haberi
831 4143 1004 4240 postulat.
1041 4144 1237 4238 Objeetum
1250 4153 1374 4215 autem

330 4259 529 4333 voluntatis
546 4283 689 4355 semper
705 4257 856 4354 aliquod
873 4257 1011 4330 volenti
1028 4257 1164 4329 bonum
1181 4264 1247 4326 est.
