2926 4980
345 339 414 407 114
729 357 784 409 nn
804 359 987 412 nomrun.

156 552 233 602 cip,
245 552 304 602 xv.
340 529 404 589 aut
414 517 614 592 admissum
626 521 824 596 retinebit?
869 524 994 598 Quare
1008 535 1072 599 ant
1086 528 1225 623 ejectus
1235 523 1380 621 peribit,

157 630 301 751 M
341 642 406 703 aut
435 633 534 723 quod
561 635 700 728 ejectus
726 661 802 710 non
826 638 885 726 sit,
903 639 1032 713 alienae
1049 640 1198 713 debebit
1213 636 1380 724 inscitiae,

161 763 248 804 aare
259 759 314 805 ulii*
342 746 442 842 quod
455 757 510 819 est
523 759 653 820 contra
666 761 806 822 rectam
818 751 1011 824 rationem.
1050 752 1173 824 Etiam
1185 752 1265 847 ipsa
1277 747 1382 845 regni

342 859 500 933 coelestis
516 885 583 956 per
599 861 817 957 injustitiam
829 864 999 961 acquisiti
1010 866 1210 962 suppositio
1228 861 1383 937 ridicula

341 982 398 1045 est
412 1005 421 1057 ;
447 996 514 1069 per
531 975 645 1048 solam
662 976 760 1049 enim
774 977 957 1072 justitiam
974 979 1114 1076 acquiri
1130 989 1265 1074 potest.

392 1086 586 1178 Praeterea‚
604 1090 792 1185 supposito
811 1091 910 1186 quod
926 1114 1081 1188 regnum
1099 1089 1318 1186 acquisitum
1335 1086 1383 1159 sit

341 1224 409 1296 per
425 1201 673 1293 rebellionem,
691 1205 803 1277 etiam
829 1205 881 1277 sic
899 1218 1030 1278 contra
1046 1215 1186 1277 rectam
1201 1201 1384 1274 rationem

342 1314 561 1409 acquisitum
578 1317 671 1401 erit;
697 1327 776 1389 tum
795 1317 882 1414 quia
898 1341 1086 1391 successus
1102 1316 1195 1390 tales
1212 1315 1260 1388 ad
1276 1313 1384 1387 initio

341 1427 473 1501 incerti
497 1441 595 1519 sunt,
613 1440 693 1502 tum
714 1431 801 1526 quia
825 1431 991 1527 exemplo
1019 1455 1085 1504 suo
1115 1429 1296 1503 docentur
1320 1427 1384 1501 alii

341 1543 560 1616 tantundem
571 1543 706 1616 audere
716 1558 848 1618 contra
856 1545 966 1642 ipsos
1005 1546 1201 1618 Paetorum
1214 1566 1304 1638 ergo
1316 1541 1383 1615 ob-

342 1657 499 1729 servatio
514 1656 667 1730 rationis
679 1670 906 1755 praeceptum
916 1671 982 1747 est,
992 1658 1032 1731 id
1045 1670 1113 1747 est,
1123 1658 1182 1730 lex
1192 1655 1382 1729 naturalis

394 1770 489 1841 Sunt
514 1770 576 1842 alii
599 1771 663 1866 qui
687 1786 885 1867 praecepta,
912 1796 995 1867 quae
1020 1770 1068 1843 ad
1093 1768 1383 1842 conservandam

341 1881 454 1955 vitam
471 1895 691 1979 praesentem
708 1884 931 1973 conducunt,
948 1884 1047 1980 leges
1064 1895 1207 1956 naturae
1224 1905 1303 1954 esse
1320 1906 1385 1955 ne·

340 1995 1111 2091 gant‚sedillaquaeduountadfelicitatem
1120 1995 1207 2069 vitae
1216 2006 1382 2078 aetemae;

341 2107 389 2180 ad
406 2133 516 2204 quam
534 2109 739 2183 conducere
751 2109 947 2207 aliquando
962 2108 1089 2182 dicunt
1101 2121 1294 2205 pactorum
1304 2109 1383 2181 vio-

340 2221 527 2308 lationem,
545 2246 628 2318 quae
644 2222 794 2296 violatio
811 2233 1008 2319 propterea
1020 2224 1122 2318 justa
1141 2235 1207 2295 est.
1259 2223 1382 2318 Atque

340 2333 495 2424 bisunt,
524 2336 587 2431 qui
609 2336 756 2432 pietatis
781 2335 882 2431 opus'
899 2359 977 2408 esse
1000 2334 1139 2425 dicunt,
1167 2359 1274 2431 reges
1298 2359 1382 2410 suos

340 2459 523 2544 praetextu
540 2449 727 2544 religionis
743 2448 840 2521 bello
856 2448 1038 2544 persequi,
1058 2447 1253 2544 deponere,
1272 2461 1310 2521 et
1326 2451 1381 2522 in-

341 2563 521 2634 terficere.
562 2561 635 2634 Sed
649 2561 823 2656 quoniam
836 2571 952 2634 status
968 2560 1120 2633 humani
1132 2572 1382 2657 postmortem

341 2675 496 2748 scientia
508 2675 611 2748 nulla
627 2686 694 2764 est,
712 2675 777 2748 sed
794 2674 1048 2748 tantummodo
1065 2673 1156 2747 fides
1174 2675 1382 2749 hominibus

342 2789 452 2861 certis
468 2788 605 2876 habita,
619 2788 825 2861 dicentibus
843 2811 883 2860 se
897 2787 936 2859 id
949 2788 1042 2861 scire
1056 2789 1383 2883 supernaturaliter

342 2901 399 2974 vel
413 2902 596 2997 accepisse
610 2903 660 2975 ‚ab
674 2902 753 2974 aliis
771 2901 1098 2997 supernaturaliter
1120 2902 1329 2993 scientibus
1345 2913 1383 2975 et

342 3015 395 3088 sic
409 3015 470 3087 alii
482 3016 528 3087 ab
546 3015 626 3087 aliis
634 3013 869 3094 ascendendo
885 3046 894 3098 ;
913 3014 1062 3089 violatio
1071 3027 1264 3111 pactorum
1273 3018 1383 3112 juxta

342 3128 487 3201 illorum
511 3129 730 3201 sententiam
753 3153 830 3201 non
846 3128 938 3225 legis
959 3129 1148 3218 naturalis,
1167 3130 1231 3203 sed
1256 3152 1382 3226 supcr-

341 3241 518 3314 naturalis
529 3241 678 3315 violatio
693 3254 759 3314 est.
787 3242 922 3338 Legem
933 3254 1056 3316 autem
1068 3244 1381 3338 supernaturalem

342 3356 517 3428 habemus
543 3355 681 3426 nullam
702 3366 838 3449 praeter
870 3355 1098 3452 Scripturam
1123 3380 1276 3429 sacram.
1328 3359 1383 3430 Ea

341 3482 464 3544 autem
491 3468 907 3565 obedientiamregibus
928 3484 1115 3565 praestare,
1134 3482 1172 3542 et
1191 3483 1302 3566 pacta
1319 3472 1383 3545 ob-

341 3608 485 3658 servare
501 3585 636 3679 passim
653 3583 833 3679 praeoipit.

391 3698 477 3786 Alii,
499 3720 635 3786 rursus,
661 3708 771 3794 pacta
800 3695 1028 3769 observanda
1057 3720 1135 3768 esse
1161 3697 1382 3786 concedunt,

341 3822 588 3908 praeterquam
615 3835 699 3883 cum
725 3810 917 3883 haereticis.
971 3809 1045 3882 Sed
1062 3811 1132 3882 hoc
1150 3834 1295 3906 quoque
1313 3811 1382 3883 ini-

342 3953 455 4025 quum
473 3937 539 3999 est.
592 3927 690 3999 Nam
707 3926 737 3999 si
754 3925 883 3998 vitium
905 3946 1073 4019 personae
1090 3923 1180 3997 satis
1198 3947 1318 3996 causae
1335 3922 1383 3994 sit

340 4042 440 4138 pacti
458 4039 630 4129 violandi,
649 4039 737 4113 satis
761 4038 870 4110 etiam
893 4059 1014 4109 causae
1031 4036 1188 4110 debebat
1205 4058 1283 4108 esse
1305 4059 1381 4108 non

366 4154 560 4228 aciscendi,

340 4181 364 4252 p
390 4270 537 4342 Justum
564 4278 601 4340 et
626 4267 802 4361 injustum
822 4264 1012 4354 vocabula,
1037 4262 1138 4337 aliud
1162 4259 1379 4348 hominibus,
