2926 4980
361 402 415 454 nu
436 400 630 455 murman
651 398 916 454 cams‘rmus.
1087 385 1158 450 325

121 569 293 641 Servator
318 578 454 659 noster,
472 570 696 666 patriarchas
723 567 805 640 illos
832 564 1055 639 immortales
1078 565 1158 661 qui·
1192 597 1345 649 xxxvm.

119 681 203 753 dem
232 706 322 771 esse,
350 695 390 756 at
418 707 492 756 uon
521 706 588 778 per
613 680 876 777 proprietatem
901 679 1060 775 aliquam
1088 680 1157 752 hu·
1171 679 1374 802 „offena

120 819 238 867 manae
255 796 422 868 essentiae
443 805 738 889 consequentem,
756 794 821 866 sed
843 816 909 889 per
932 793 1157 865 voluntatem
1171 824 1236 867 qum
1251 809 1333 852 habent
1347 807 1372 850 ¹1¹

121 907 202 994 Dei,
221 906 284 1001 qui
301 930 346 979 ex
363 931 464 979 mera
478 906 615 1005 gratia
632 907 766 979 electos
784 905 935 979 donavit
950 905 1030 977 nita
1048 916 1158 977 ceter-
1171 873 1373 991 fflffiim’

121 1043 182 1090 ua.
249 1018 360 1092 Quod
393 1030 515 1091 autem
548 1018 767 1114 patriarchae
800 1017 853 1090 illi
886 1017 1020 1113 aliique
1054 1016 1161 1089 multi

123 1131 249 1203 fideles
273 1131 440 1204 homines
466 1143 555 1202 tunc
581 1131 717 1202 mortui
742 1139 874 1218 essent,
892 1131 1013 1203 vivere
1038 1139 1161 1201 tamen
1236 1188 1239 1195 .

123 1269 185 1318 eos
203 1244 297 1317 dixit
315 1245 500 1328 Christus;
527 1268 636 1316 causa
652 1255 741 1334 erat,
760 1243 860 1339 quod
872 1242 1022 1315 nomina
1035 1264 1163 1314 eorum

122 1358 258 1453 scripta
284 1368 389 1430 erant
412 1358 450 1429 in
472 1358 566 1430 libro
600 1358 708 1441 vitae3
735 1368 773 1430 et
799 1366 995 1453 propterea
1019 1354 1162 1429 addidit

122 1471 234 1543 verba
257 1471 349 1559 haec,
367 1481 410 1542 ut
434 1471 473 1542 in
499 1481 602 1542 textu
624 1469 748 1542 videre
776 1480 843 1558 est,
873 1468 973 1565 quod
997 1467 1162 1540 viverent

123 1582 217 1655 Deo.
271 1582 370 1656 Quid
391 1594 515 1655 autern
532 1594 599 1671 est,
617 1594 766 1679 propter
784 1581 882 1677 quod
898 1582 1030 1654 animae
1044 1581 1161 1676 justo-

123 1720 205 1768 rum
223 1696 261 1768 in
285 1696 417 1769 coelum
439 1696 534 1768 irent
556 1707 641 1768 ante
664 1719 829 1791 corpora,
848 1720 932 1768 cnm
956 1694 1163 1767 mercedem

125 1833 277 1906 operum
303 1834 450 1882 suorum
475 1809 657 1904 recepturi
686 1833 761 1882 non
787 1809 861 1881 sint
884 1809 1051 1882 homines
1076 1816 1163 1880 ante

121 1923 311 2017 judicium,
336 1934 377 1995 ut
401 1922 635 1995 manifestum
660 1935 716 1997 est
741 1946 787 1995 ex
813 1923 899 1995 Luc.
917 1923 990 1995 nir.
1014 1931 1071 2010 13,
1095 1931 1160 1993 14:

128 2035 335 2133 Cumsacis
348 2035 561 2123 eouoioium,
575 2060 665 2107 voca
673 2058 880 2133 pauperes,
892 2033 1046 2124 debiles,
1058 2033 1162 2108 clau-

126 2147 206 2233 dor,
232 2158 269 2220 et
296 2174 444 2231 coecos;
471 2157 508 2220 et
536 2147 664 2220 beatus
691 2148 782 2237 erio,
805 2150 896 2244 quia
925 2173 997 2219 aaa
1027 2147 1163 2221 babeat

126 2259 336 2332 retribuere
354 2259 448 2343 tibi;
466 2259 695 2332 retribuetur
712 2260 807 2331 euim
830 2259 900 2332 tibi
914 2261 952 2332 ia
975 2284 1166 2333 resurrec-

128 2373 226 2445 tione
247 2374 470 2466 justorum?
522 2374 650 2469 Itaque
667 2383 752 2445 ante
778 2373 1095 2464 resurrectionem,
1113 2372 1166 2445 nil

126 2486 237 2558 habet
252 2487 290 2557 in
309 2485 402 2557 coelo
421 2485 519 2580 quod
535 2485 647 2558 faciat
666 2485 800 2573 anima,
818 2486 886 2558 etsi
913 2509 979 2582 per
1005 2509 1044 2558 se
1070 2487 1164 2559 exis-

126 2610 232 2672 teret.
282 2599 444 2670 Verbum
469 2599 551 2687 hoc,
570 2598 694 2669 anima
715 2597 949 2688 immortalia,
975 2599 1015 2671 in
1043 2598 1165 2696 Scrip-

126 2725 211 2787 tura
228 2713 340 2786 Sacra
355 2736 546 2807 nusquam,
563 2711 643 2783 vita
661 2720 800 2784 aeterua
817 2710 952 2807 passim
968 2711 1165 2786 invenitur.

128 2827 247 2920 Caput
262 2824 347 2898 Jobi
365 2824 545 2896 decimum
563 2835 744 2920 quartum,
757 2824 820 2897 ubi
837 2848 913 2897 non
929 2823 1060 2919 aliquis
1076 2823 1166 2897 ami-

128 2962 254 3012 corum
274 2960 423 3010 suorum
448 2937 621 3030 loquitur,
640 2936 705 3008 sed
728 2936 817 3032 ipse,
834 2947 953 3009 toturn
974 2937 1167 3032 quaerimo-

128 3053 190 3125 nia
207 3063 262 3124 est
279 3050 324 3122 de
348 3049 569 3122 mortalitate
589 3050 791 3137 hominum,
808 3051 887 3123 sine
910 3061 1033 3123 tamen
1054 3075 1165 3147 nega-

127 3165 228 3238 tione
245 3162 530 3236 immortalitatis
547 3174 631 3257 post
647 3163 975 3236 resurrectionem:
1003 3163 1167 3261 Liguum
1222 3174 1226 3181 '

129 3276 242 3349 babet
258 3300 388 3373 speum
415 3275 449 3347 ei
461 3276 665 3372 praecisum
673 3277 818 3372 suerit,
836 3302 983 3349 rursum
999 3277 1167 3367 virescit,

130 3400 168 3463 et
185 3390 282 3461 rami
299 3390 380 3483 ejus·
391 3387 598 3486 pullulant.
626 3389 671 3461 Si
687 3390 854 3462 senuerit
871 3390 909 3462 iu
928 3401 1033 3463 terra
1051 3390 1168 3462 radia

130 3505 222 3599 ejus,
240 3511 277 3574 et
298 3503 337 3572 ia
355 3499 514 3597 puluere
531 3511 716 3573 eraortuus·
728 3502 862 3597 fuerit
881 3512 1034 3576 truncus
1051 3501 1169 3598 illiue,

130 3618 184 3690 ad
212 3614 361 3687 odorem
394 3636 499 3708 aqua
530 3613 772 3710 germinabit,
801 3625 839 3688 et
858 3616 992 3711 faciet
1018 3641 1169 3706 comam,

132 3728 239 3825 quusi
267 3752 347 3799 cum
369 3727 533 3823 primum
558 3726 775 3825 pluritatem
802 3738 871 3801 eet.
923 3729 1169 3819 Humorem,

131 3867 211 3917 cum
228 3849 392 3913 mortuus
396 3839 539 3936 suerit,
553 3849 591 3912 et
609 3840 782 3931 nudatur,
795 3851 909 3938 atque
923 3828 1170 3938 consumptus,

132 3954 194 4029 ubi
212 3979 334 4051 quaro
347 3958 436 4026 eet?
502 3955 550 4026 Et
566 3955 675 4049 paulo
693 3966 786 4050 post,
804 3955 906 4027 bomo
925 3979 1005 4027 cum
1032 3955 1171 4028 dormi-

132 4067 220 4157 erit,
246 4074 515 4162 conresurget
545 4068 662 4140 donec
687 4076 878 4141 atteratur
904 4067 1045 4141 coelum.
1098 4069 1172 4142 Sed

133 4180 279 4277 quando
296 4181 378 4267 erit,
397 4178 495 4273 quod
512 4180 644 4252 coelum
661 4191 838 4254 atteretur
857 4181 869 4252 i
903 4182 1114 4277 Respondet
1132 4183 1169 4256 S.

92 4327 94 4330 v
134 4293 275 4382 Petrus,
292 4293 456 4366 futurum
474 4316 553 4367 esse
570 4293 608 4366 in
625 4295 902 4368 resurreetione.
955 4295 1055 4370 Dicit
1071 4297 1168 4370 enim
