2926 4980
332 329 381 410 74
734 351 789 401 na
809 349 990 402 namma.

153 549 231 599 cip,
242 549 279 598 x,
381 517 590 613 Antequam
607 541 750 614 magnae
766 518 956 592 extiterint
973 517 1151 606 civitates,
1169 516 1370 613 ignominia

120 628 406 750 aiffa-¹¹⁰³
431 642 521 719 erat,
547 628 614 702 sad
635 631 757 726 potius
777 631 1019 704 honorificum
1040 642 1078 703 et
1098 629 1236 726 negotii
1252 654 1369 726 genus

119 706 321 809 nni'lotho’nore·
330 743 545 840 legitimum,
560 745 684 839 siquis
701 755 804 819 terra
813 745 871 818 vel
888 744 981 818 mari
996 744 1122 840 praedo
1135 755 1240 827 erat;
1265 755 1309 816 ut
1323 768 1369 817 ex

332 857 492 930 historiis
505 857 664 953 antiquis
676 858 912 932 manifestum
924 870 992 947 est,
1006 857 1209 954 praesertim
1219 857 1367 931 Graeeis.

330 969 452 1044 Etiam
474 970 585 1045 hodie
609 971 649 1043 in
673 972 743 1045 hac
768 982 896 1046 nostra
920 982 1025 1067 parte
1051 970 1149 1043 orbis
1175 982 1368 1058 terrarum,

330 1106 455 1179 pugna
487 1083 680 1181 singularis
713 1084 953 1180 privatorum
988 1107 1196 1181 quanquam
1229 1083 1369 1174 illicita,

329 1196 532 1269 honorifica
559 1208 684 1270 tamen
710 1208 787 1280 est;
824 1210 862 1269 et
891 1197 972 1286 erit,
1007 1196 1124 1269 donee
1152 1196 1369 1291 excogitatae

329 1308 466 1382 fiterint
482 1308 593 1406 leges,
612 1333 767 1407 quarum
779 1310 915 1383 virtute
932 1309 1012 1382 lieri
1028 1319 1163 1404 potest,
1180 1320 1223 1381 ut
1240 1309 1304 1406 qui
1320 1308 1369 1381 ad

330 1446 492 1519 pugnam
513 1434 704 1519 provocat,
727 1422 821 1511 vilis,
850 1422 912 1518 qui
938 1421 1191 1518 provocationi
1214 1444 1290 1495 nou
1311 1447 1370 1494 re-

331 1535 500 1631 spondet,
533 1536 770 1611 honorandus
805 1535 984 1609 videatur.
1049 1533 1160 1609 Quod
1193 1535 1257 1632 qui
1289 1536 1370 1609 lieri

330 1649 446 1745 possit
470 1673 545 1722 nou
565 1649 683 1724 video.
736 1649 832 1722 Nam
856 1647 1110 1744 promptitudo
1135 1648 1182 1720 ad
1206 1671 1368 1744 pugnam

330 1761 557 1836 fortitudinis
573 1763 718 1859 signum
737 1786 879 1859 semper
897 1774 965 1851 est,
983 1784 1065 1858 quae
1081 1761 1120 1833 in
1137 1772 1237 1834 statu
1252 1759 1366 1834 homi-

331 1898 422 1947 num
434 1875 593 1949 naturali
605 1876 722 1949 virtus
735 1876 906 1964 maxima,
919 1875 951 1948 si
963 1898 1039 1948 non
1048 1874 1157 1947 unica
1174 1885 1250 1958 est;
1276 1898 1370 1970 pug-

330 2011 417 2061 nam
433 2001 557 2062 autem
574 2012 743 2064 recusare
764 2013 840 2063 non
861 1999 993 2061 natura
1008 1987 1074 2061 sed
1095 1987 1237 2084 legibus
1254 1987 1370 2060 virtus

331 2102 384 2191 fit,
403 2113 442 2174 et
457 2102 600 2197 legibus
615 2116 751 2175 natura
765 2101 896 2175 fortior
913 2112 979 2175 est.

380 2215 531 2289 Tunioae
548 2228 585 2289 et
603 2225 707 2289 scuta
727 2217 827 2312 picta
848 2213 1093 2302 haereditaria,
1110 2214 1173 2286 ubi
1196 2212 1371 2309 adjuncta

330 2327 468 2402 habent
481 2329 672 2426 privilegia
683 2328 913 2403 honorabilia
926 2339 1035 2411 sunt3
1061 2329 1198 2423 absque
1211 2327 1282 2400 illis
1294 2351 1369 2401 non

331 2441 433 2514 item.
485 2442 662 2515 Potentiae
686 2443 783 2514 enim
806 2441 1006 2538 insignium
1022 2440 1152 2514 talium
1168 2441 1369 2523 consistunt

330 2555 369 2627 in
381 2554 593 2650 privilegiia
606 2555 664 2629 vel
677 2555 715 2628 in
728 2555 876 2646 divitiis,
890 2554 1006 2628 aliave
1025 2578 1064 2626 re
1078 2578 1160 2649 quae
1176 2555 1214 2627 in
1228 2554 1369 2628 aaeteris

329 2667 537 2740 hominibus
567 2691 670 2763 aeque
699 2669 912 2742 honoratur.
965 2667 1088 2740 Genus
1117 2667 1189 2740 hoc
1221 2667 1369 2740 honoris

329 2779 440 2876 vulgo
458 2780 558 2853 dicta
577 2780 756 2853 nobilitas
780 2780 920 2878 gentis,
939 2779 985 2852 ab
1003 2778 1163 2874 antiquis
1181 2779 1369 2852 Germanis

329 2892 475 2965 videtur
493 2892 667 2965 derivata.
711 2893 784 2965 Res
802 2892 899 2964 enim
917 2892 1086 2965 omnibus
1102 2891 1290 2987 incognita
1301 2908 1368 2981 est,

330 3004 401 3078 nisi
418 3004 548 3099 quibus
566 3004 706 3101 cogniti
719 3015 806 3078 suut
822 3028 942 3077 mores
961 3004 1241 3078 Germanorum.
1292 3005 1367 3079 Ne-

330 3140 401 3212 que
414 3141 570 3212 usquam
581 3116 690 3190 hodie
703 3117 742 3190 in
755 3116 1019 3190 consuetudine
1037 3128 1135 3206 sunt,
1149 3117 1212 3190 ubi
1229 3117 1281 3190 illi
1293 3141 1368 3190 non

330 3229 526 3325 aliquando
538 3230 808 3303 habitaverunt.
853 3231 1064 3304 Graecorum
1077 3242 1243 3304 veterum
1256 3230 1368 3305 duces

330 3343 378 3418 ad
404 3343 541 3416 bellum
568 3355 743 3416 exeuntes
768 3355 872 3417 scuta
897 3343 1045 3440 quidem
1071 3344 1183 3439 picta,
1210 3344 1276 3417 sed
1301 3369 1368 3418 suo

330 3457 484 3554 quisque
501 3457 653 3531 arbitrio
666 3468 810 3553 gestare
828 3468 1119 3541 consueverunt;
1145 3457 1315 3553 pauperis
1332 3469 1370 3532 et

329 3570 489 3668 gregarii
511 3570 637 3645 militis
658 3582 738 3644 erat
758 3582 903 3643 scutum
923 3594 1069 3666 purum.
1122 3571 1195 3644 Sed
1212 3572 1261 3646 ad
1276 3572 1369 3645 filios

329 3707 405 3756 uon
422 3684 647 3757 transierunt
664 3697 770 3757 scuta
784 3698 828 3757 ut
844 3707 928 3780 pars
944 3685 1182 3758 haereditatis,
1235 3685 1370 3758 Roma-

329 3821 461 3870 norum
486 3796 633 3870 familiis
655 3797 812 3893 insignia
829 3797 977 3892 quidem
998 3811 1106 3870 erant
1127 3821 1205 3887 sua,
1223 3823 1305 3894 quae
1322 3800 1370 3873 ad

330 3921 495 4005 posteros
520 3933 605 3983 suos
624 3909 915 3995 descendenmt;
942 3933 1011 3982 neo
1028 3922 1152 3984 tamen
1170 3923 1286 4000 scuta,
1305 3914 1370 3986 sed

330 4023 507 4118 imagines
537 4025 716 4120 maJorum
743 4047 903 4096 suorum.
960 4023 1003 4096 In
1033 4024 1133 4115 Asia,
1165 4025 1302 4115 Ainea,
1333 4039 1371 4101 et

331 4137 502 4209 America
527 4138 600 4212 tale
626 4137 717 4210 nihil
743 4148 810 4209 est.
862 4136 1054 4231 Proprium
1082 4149 1161 4210 erat
1183 4139 1255 4212 hoo
1280 4139 1367 4211 Ger·

331 4274 539 4334 manorum;
572 4249 750 4346 aquibus
776 4249 814 4321 in
840 4247 1023 4344 Angliam,
1047 4249 1211 4340 Galliam,
1235 4251 1368 4346 Hispa-
