2926 4980
317 330 387 396 544
553 344 770 399 annuunrx
789 347 845 401 an
865 344 1123 399 nnvmnuarr.

133 541 210 590 can
225 541 262 591 n.
312 537 395 585 rum
417 524 638 609 temporum,
658 515 722 611 qui
747 516 810 588 illa
833 515 1001 590 Concilio
1020 517 1257 605 indixerunt,
1284 541 1379 590 con-

126 622 269 737 M
311 627 511 699 firmatum.
564 628 684 701 Causa
701 629 855 701 Concilii
884 629 1015 703 Nioeni
1043 630 1283 705 convocandi
1301 631 1379 703 fuit

256 740 259 746 ’
311 739 435 827 Arius,
452 742 645 837 presbyter
671 742 921 832 Alexandria,
940 745 999 817 cui
1027 769 1112 817 cum
1135 744 1375 833 Alexander,

313 852 478 948 ejusdem
496 855 596 927 urbis
624 856 830 951 episcopus
849 858 1000 931 dixisset
1023 859 1157 931 Filium
1182 858 1257 930 Dei
1288 881 1375 930 esse

312 966 413 1039 Patri
424 963 585 1057 ὸμοῦσιον,
599 968 717 1059 idest,
732 972 898 1065 ejusdem
909 971 1130 1045 substantio
1141 996 1230 1045 cnm
1243 972 1371 1059 Patre,

312 1081 423 1154 Arius
433 1082 675 1166 contradixit3
694 1106 862 1179 cumque,
875 1086 1000 1158 multis
1009 1085 1248 1181 presentibus
1261 1108 1371 1180 pres-

311 1193 462 1289 byteris,
480 1194 702 1268 fervesceret
720 1195 932 1292 disputatio,
945 1198 1095 1293 negavit
1109 1220 1262 1292 quoque
1275 1198 1369 1269 lesu

313 1306 449 1380 Christi
468 1307 719 1382 divinitatem:
747 1309 844 1382 unde
871 1322 958 1383 nata
987 1324 1044 1383 est
1070 1310 1182 1407 paulo
1208 1323 1302 1406 post
1328 1310 1368 1382 in

313 1422 403 1493 urbe
421 1420 672 1494 Alexandrina
696 1422 829 1496 seditio
858 1438 896 1495 et
914 1423 1045 1497 caedes.
1083 1422 1368 1497 Conservandae

313 1547 438 1606 autem
464 1534 565 1629 pacis
588 1557 710 1623 causa,
728 1536 931 1632 imperator
949 1537 1220 1609 Constantinus
1253 1536 1366 1632 Mag-

311 1670 382 1720 nus
409 1647 614 1720 Concilium
637 1648 728 1721 illud
752 1649 935 1723 Nicenum
963 1650 1192 1738 convocavit,
1219 1650 1261 1722 in
1289 1673 1364 1746 quo

313 1761 520 1857 symbolum
538 1784 654 1858 usque
671 1762 720 1835 ad
737 1764 817 1836 haec
835 1766 959 1852 verba,
978 1763 1092 1837 credo
1110 1763 1150 1835 in
1169 1763 1361 1861 Spiritum

313 1876 501 1964 Sanctum,
520 1876 647 1948 Patres
664 1877 1003 1965 constabiliremnt,
1021 1891 1059 1950 et
1080 1876 1261 1949 damnata
1278 1900 1360 1949 sen-

312 1987 430 2060 tentia
442 1988 675 2076 Arianornm‚
687 1989 807 2084 ipsum
821 2014 906 2061 cum
920 1990 1027 2061 sociis
1043 1990 1121 2084 ejus
1136 1988 1357 2084 quibusdam

314 2101 496 2197 episcopis
515 2115 553 2173 et
569 2101 792 2198 preshyteris
812 2102 1239 2192 excommunicaverunt,
1256 2114 1293 2175 et
1308 2104 1355 2175 ab

311 2215 475 2288 eeclesiis
494 2214 765 2310 deposuerunt3
793 2240 1015 2312 quanquam,
1028 2228 1183 2312 propter
1201 2240 1353 2310 sequen-

311 2340 367 2402 tes
397 2329 636 2425 imperatores
665 2330 807 2426 aliquot
833 2331 1001 2413 Arianos
1027 2330 1177 2403 haeresis
1207 2331 1272 2403 illa
1296 2354 1356 2404 ex·

310 2442 430 2538 tingui
454 2465 528 2514 non
545 2443 678 2538 potuit.
731 2442 937 2515 Concilium
964 2442 1064 2515 aliud
1080 2445 1256 2538 generale
1272 2458 1360 2541 post

310 2580 426 2628 annos
453 2557 721 2653 quinquaginta
748 2557 914 2628 habitum
941 2571 997 2629 est
1021 2558 1359 2655 Constantinopoli,

310 2670 372 2741 ubi
392 2669 564 2741 damnata
581 2682 638 2740 est
654 2669 804 2740 haeresis
832 2669 1054 2758 Macedonii,
1073 2669 1246 2764 negantis
1265 2671 1360 2743 divi-

310 2783 463 2854 nitatem
483 2783 639 2879 Spiritus
659 2783 797 2855 Sancti.
851 2783 1004 2871 Deinde,
1023 2796 1107 2878 post
1128 2807 1248 2856 annos
1265 2786 1360 2858 alios

309 2897 576 2992 quinquaginta
590 2896 625 2967 in
633 2897 797 2969 Concilio
808 2898 970 2992 generali
982 2897 1165 2992 Ephesino
1178 2896 1361 2971 damnata

309 3022 363 3081 est
381 3009 550 3082 doctrina
569 3011 734 3082 Nestorii
755 3012 937 3106 negantis,
957 3012 1052 3083 sicut
1077 3011 1199 3099 Arius,
1219 3011 1360 3086 divini-

307 3133 422 3195 tatem
441 3124 587 3196 Christi.
616 3125 815 3211 Postremo,
830 3125 868 3196 in
881 3125 1045 3197 Concilio
1058 3124 1220 3219 generali
1242 3126 1360 3200 Chal-

307 3238 505 3309 cedonensi
524 3237 697 3310 damnata
715 3253 771 3310 est
788 3239 936 3311 haeresis
953 3238 1169 3335 Eutychetis
1188 3249 1224 3310 et
1244 3238 1358 3313 Dios-

307 3353 396 3439 cori‚
410 3352 472 3447 qui
484 3363 713 3446 negaverunt
732 3352 887 3424 duarum
910 3365 1124 3424 naturarum
1136 3351 1173 3421 in
1187 3351 1357 3442 Christo,

307 3464 442 3537 divinae
470 3478 508 3537 et
532 3465 714 3551 humana,
741 3465 925 3537 unionem.
978 3466 1026 3537 Et
1053 3465 1106 3536 ita
1131 3466 1356 3559 symbolum,

306 3578 406 3674 quod
423 3589 577 3650 vocatur
594 3577 789 3665 Nicenum‚
808 3576 958 3649 tandem
985 3577 1190 3673 perfectum
1212 3577 1300 3668 fuit,
1318 3593 1358 3653 et

306 3716 390 3763 cum
418 3691 525 3763 dictis
557 3691 758 3764 haeresibus
786 3692 898 3763 etiam
925 3692 1006 3763 aliae
1034 3691 1090 3763 his
1117 3691 1244 3762 affines
1263 3717 1358 3766 con-

305 3805 487 3877 demnatae
501 3818 597 3877 sunt.

356 3921 391 3991 Α
397 3976 404 3990 .
435 3919 521 3991 Post
538 3919 696 3991 haereses
721 3918 801 3989 illas
820 3917 1357 4012 damnataS‚nullae11epostea

306 4033 469 4105 subortae
488 4045 574 4105 sunt
588 4058 694 4104 novae
709 4031 721 4103 l

356 4148 404 4217 B.
440 4146 560 4218 Etiam
579 4146 716 4233 multae,
734 4145 860 4217 nescio
879 4158 979 4240 quot.
1033 4146 1230 4241 Postquam
1250 4148 1354 4221 enim

306 4259 461 4332 ecclesia
479 4259 646 4333 Romana
666 4258 823 4331 decretis
837 4258 910 4331 suis
928 4271 1134 4354 arrogasset
1152 4258 1232 4347 sibi,
1248 4260 1354 4336 circa
