2926 4980
309 338 383 405 258
683 355 738 406 nn
757 353 963 406 crvrraru.

109 549 297 599 oanxxxr.
311 518 447 605 divino,
460 519 658 594 dictamina
680 520 779 594 eirea
795 521 994 616 majestatis
1015 520 1148 594 divinae
1174 522 1347 594 honorem

127 632 270 754 W
310 643 348 706 et
357 631 503 706 cultum.

129 760 282 806 nnmmnr.
300 743 302 747 ’
360 745 536 819 Consistit
546 745 662 817 honor
674 747 713 818 in
725 747 945 842 cogitatione
959 747 1174 821 honorantis
1187 748 1346 837 interna,

310 883 451 955 nempe,
468 861 508 932 iu
528 859 700 955 opinione
729 883 838 954 quam
858 860 904 933 de
931 861 1097 956 potentia
1117 872 1154 933 et
1181 862 1346 935 bonitate

309 973 463 1068 quisqu'e
479 973 591 1046 habet
607 972 703 1045 illius
716 997 825 1066 quem
837 973 1018 1046 honorare
1032 973 1177 1045 dicitur.
1218 975 1346 1046 Hono-

309 1086 424 1159 rantis
436 1109 524 1181 ergo
540 1080 659 1158 Deum
672 1095 738 1174 est,
750 1085 796 1157 de
808 1086 974 1181 potentie
983 1098 1021 1158 et
1031 1086 1194 1159 bonitate
1208 1085 1345 1175 divina,

309 1209 487 1294 quantum
510 1197 681 1294 possibile
716 1210 783 1285 est,
809 1199 1164 1292 magnificentissime
1198 1200 1344 1273 sentire.

313 1310 444 1384 Cultus
456 1322 580 1383 antem
597 1310 702 1407 signe
714 1311 775 1384 illa
788 1322 885 1399 sunt,
899 1312 1030 1407 quibus
1047 1312 1100 1384 ita
1116 1313 1251 1384 sentire
1265 1314 1345 1386 aliis

309 1423 501 1497 indicatur.
559 1424 688 1497 Cultus
718 1424 815 1496 enim
844 1424 991 1520 proprie
1019 1448 1131 1520 opera
1156 1425 1214 1497 vel
1240 1426 1346 1499 labor

310 1538 370 1610 ille
387 1550 453 1627 est,
472 1561 580 1633 quem
608 1538 760 1634 quisque
777 1537 816 1610 in
836 1562 914 1610 rem
939 1538 1117 1634 impendit
1144 1562 1346 1632 quameun-

310 1675 392 1747 que,
410 1663 452 1724 ut
468 1652 514 1725 ab
532 1651 594 1724 illa
610 1651 678 1724 sibi
705 1652 843 1723 bonum
868 1650 1017 1745 aliquod
1044 1650 1218 1724 obtineat.
1272 1652 1345 1724 Res

310 1776 432 1837 autem
449 1764 532 1852 illae,
551 1764 648 1836 unde
665 1765 802 1837 bonum
819 1776 1065 1860 expectamus,
1083 1764 1141 1836 vel
1161 1765 1201 1836 in
1218 1777 1347 1838 nostra

310 1888 489 1973 potestate
506 1888 603 1966 sunt,
622 1877 675 1951 ita
690 1887 733 1949 ut
748 1877 898 1965 bonum,
925 1876 1024 1973 quod
1040 1888 1227 1974 praestaut,
1244 1878 1345 1951 labo-

310 2015 388 2064 rem
406 2004 571 2064 nostrum
589 2004 764 2088 sequatur
780 1989 1016 2074 naturalium
1042 1992 1100 2063 vel
1114 1991 1152 2063 in
1163 2003 1345 2087 potestate

310 2115 436 2177 nostra
448 2128 522 2176 non
537 2117 634 2194 sunt,
646 2114 683 2177 et
694 2103 848 2199 proinde
861 2103 977 2176 labori
988 2116 1115 2176 nostro
1132 2128 1200 2199 pro
1217 2106 1345 2178 volun-

309 2228 386 2291 tate
403 2229 530 2291 nostra
545 2241 621 2290 non
638 2216 873 2313 respondent,
891 2216 955 2289 sed
972 2240 1039 2313 pro
1057 2229 1190 2290 natura
1209 2242 1344 2290 rerum.

310 2331 353 2403 In
370 2355 479 2404 sensu
495 2331 625 2427 primo,
643 2354 751 2427 quem
769 2341 878 2404 terrae
901 2329 1145 2427 impendimus
1169 2331 1344 2420 laborem,

308 2443 429 2516 cultas
455 2456 491 2517 et
516 2443 665 2517 cultura
691 2443 836 2516 dieitur.
889 2444 933 2516 ln
958 2467 1067 2516 sensu
1087 2444 1260 2531 seeundo,
1280 2446 1344 2518 ubi

307 2558 420 2630 animi
448 2557 637 2653 hominum
666 2557 714 2630 ad
742 2558 966 2630 voluntatem
996 2570 1158 2630 nostram
1188 2557 1345 2630 ducendi

309 2683 406 2759 sunt,
424 2694 499 2743 uon
516 2693 582 2765 per
598 2670 684 2758 vim,
703 2670 767 2742 sed
789 2693 855 2765 per
875 2669 1006 2755 officia,
1024 2669 1146 2742 cultae
1163 2682 1220 2742 est
1237 2695 1345 2744 omne

309 2783 419 2857 officii
448 2806 576 2879 genus,
606 2807 678 2879 quo
710 2783 798 2879 ipsis
826 2782 993 2878 placendi
1021 2783 1182 2856 studium
1209 2785 1346 2858 indica·

308 2908 392 2980 tur;
420 2894 541 2992 qualia
558 2909 644 2967 sunt
666 2896 764 2991 ipsos
786 2894 946 2982 laudare,
960 2895 1207 2990 magnificare,
1229 2898 1345 2970 admi-

308 3011 393 3097 rari,
407 3021 476 3082 ete.

358 3124 416 3196 Ab
442 3124 581 3196 honore
606 3122 762 3211 interno,
783 3145 925 3217 nempe,
953 3121 1125 3217 opinione
1151 3123 1346 3218 magnifica

310 3237 356 3309 de
379 3236 431 3309 rei
448 3235 671 3308 honorandae
688 3234 851 3329 potentia
876 3245 914 3307 et
939 3234 1117 3323 bonitate,
1144 3248 1345 3310 naseuntur

311 3363 385 3423 tres
402 3351 555 3422 affectus
574 3380 583 3434 ;
611 3371 725 3437 amor,
745 3348 806 3443 qui
820 3348 976 3421 refertur
993 3348 1039 3420 ad
1053 3350 1279 3434 bonitatem3
1307 3363 1344 3424 et

310 3487 396 3560 spes
414 3475 451 3537 et
467 3472 595 3551 metus,
608 3485 690 3557 quae
703 3462 902 3557 respiciunt
915 3462 962 3536 ad
972 3462 1185 3558 potentiam.
1237 3465 1342 3553 Item,

310 3586 384 3649 tres
409 3587 530 3672 partes
556 3576 675 3648 cultus
705 3574 857 3663 externi,
888 3574 982 3660 laus,
1010 3576 1279 3673 magnificatio,
1305 3591 1344 3650 et

309 3689 527 3779 benedictio,
558 3690 634 3762 Sive
669 3698 711 3761 ut
744 3687 944 3784 loquuntur
968 3687 1097 3776 Graeci,
1120 3691 1343 3786 μακαρῖσμοςς

309 3826 463 3898 quarum
489 3828 563 3877 una
595 3802 810 3889 bonitatem,
837 3800 953 3874 altera
985 3801 1200 3895 potentiam,
1235 3805 1345 3876 tertia

307 3915 521 3989 felicitatem
533 3914 713 3989 attribuit.

360 4030 472 4126 Signa
488 4029 637 4102 honoris
655 4028 777 4122 aliquo
794 4035 891 4110 sunt,
908 4037 987 4098 tum
1004 4026 1043 4098 in
1061 4026 1246 4100 attributis
1263 4041 1342 4100 tum

310 4142 348 4213 in
361 4142 576 4231 notionibus,
595 4164 675 4236 quae
691 4140 745 4211 ita
761 4149 847 4210 sunt
863 4137 1098 4221 naturaliter;
1124 4149 1166 4211 ut
1182 4139 1220 4211 in
1239 4139 1342 4212 attri-

309 4253 419 4345 butio,
435 4255 705 4351 bonuajustus,
717 4250 900 4340 liberatis,
910 4263 949 4324 et
965 4250 1118 4334 similia;
1135 4252 1173 4324 in
1190 4251 1341 4326 actioni-
