2926 4980
519 689 706 770 PARS
742 688 777 770 I.

353 948 473 1052 ou
540 925 982 1052 Homines

505 1228 799 1236 ——--——-—

504 1238 797 1248 —————-o

543 1417 705 1490 CAPUT
731 1418 760 1490 Ι.

554 1592 601 1642 DE
619 1593 741 1643 SENSU.

122 1725 441 1797 Cocr‘rarrouns
462 1722 651 1795 hominum
669 1721 788 1818 primo
806 1719 1008 1816 sigillatim,
1037 1719 1169 1793 deiude
1218 1758 1296 1808 epp,
1312 1759 1336 1808 1,

123 1838 211 1909 alias
229 1837 278 1908 ab
295 1836 377 1908 aliis
395 1834 646 1931 dependentes
663 1846 707 1906 ut
732 1835 772 1906 in
797 1834 889 1906 serie
913 1833 1166 1907 considerabo.
1209 1840 1352 1943 HJJ

124 1951 292 2046 lpsarum
324 1971 555 2045 unaquaeque
582 1947 736 2043 alicujus
768 1947 955 2043 qualitatis
985 1948 1044 2020 vel
1072 1948 1169 2020 acci-

125 2062 245 2143 dentis
270 2059 311 2132 in
329 2083 484 2156 corpore
502 2072 666 2146 externo,
685 2058 783 2154 quod
804 2059 980 2155 appellari
998 2059 1091 2132 solet
1107 2058 1168 2132 ob-

115 2178 272 2270 jectum,
288 2184 345 2245 est
358 2171 557 2271 apparitio
571 2171 648 2243 sive
661 2172 950 2268 representaret.
979 2171 1089 2246 Quod
1103 2173 1168 2246 ob-

120 2291 275 2384 jectum,
294 2285 440 2382 agendo
458 2284 497 2357 in
514 2285 678 2382 eorporis
695 2284 847 2357 humani
865 2309 1018 2381 organa,
1036 2309 1168 2382 nempe

125 2401 263 2490 oculoS,
282 2423 402 2488 aures,
420 2408 504 2486 etc,
521 2422 589 2494 pro
606 2396 817 2470 diversitate
831 2396 986 2470 actionis
1006 2397 1166 2470 diversas

123 2513 297 2613 producit
314 2511 575 2610 apparitiones.

175 2628 292 2724 Origo
306 2626 471 2700 omnium
481 2624 692 2701 nominatur
708 2648 849 2697 senaar.
877 2624 989 2696 Nulla
1001 2624 1099 2696 enim
1112 2635 1169 2697 est

125 2741 240 2813 animi
256 2738 463 2835 conceptio,
479 2762 561 2833 quae
578 2761 651 2810 non
668 2737 789 2809 fuerat
799 2747 885 2810 ante
902 2737 1030 2833 genita
1047 2737 1085 2809 iu
1102 2737 1168 2810 ali-

125 2880 200 2950 quo
218 2877 403 2942 sensuum,
418 2852 477 2924 rel
493 2862 573 2924 tota
588 2851 706 2939 simul,
721 2850 780 2922 vel
792 2875 859 2946 per
875 2863 1013 2948 partes,
1039 2850 1168 2924 abhis

125 2981 250 3041 autem
266 2966 395 3064 primis
412 2964 650 3060 conceptibus
663 2985 791 3036 omnes
804 2977 931 3059 postea
942 2964 1166 3038 derivantur.

177 3078 349 3176 Cognitio
377 3100 497 3150 causae
514 3074 696 3149 sentiendi
714 3078 904 3167 naturalia,
921 3078 1095 3174 praesenti
1112 3078 1169 3151 iu-

125 3194 257 3267 stituto
274 3201 420 3264 nonest
437 3190 602 3263 absolute
615 3191 823 3263 necessaria
838 3223 847 3275 ;
875 3191 1071 3264 etiamalio
1085 3192 1167 3265 loco

126 3307 172 3379 de
199 3305 264 3378 illa
289 3304 378 3376 satis
406 3303 574 3399 ampliter
601 3304 851 3377 tractavimus.
903 3304 1167 3393 Veruntamen,

127 3432 169 3494 ut
184 3419 377 3517 praesentis
394 3416 558 3490 methodi
574 3428 699 3514 partes
724 3416 958 3514 impleantur,
977 3417 1023 3490 de
1040 3417 1169 3490 eadem

127 3558 168 3606 re
185 3533 330 3618 iterum,
348 3530 414 3603 sed
431 3531 603 3622 breviter,
622 3530 853 3604 disseremus.

179 3646 300 3718 Causa
318 3643 502 3716 tensionis
521 3655 576 3716 est
593 3655 787 3717 externum
804 3669 935 3741 corpus
954 3644 1030 3717 sive
1048 3641 1169 3738 objec-

126 3774 215 3850 tum,
246 3757 347 3856 quod
380 3756 513 3852 premit
547 3756 832 3853 uniuscujusque
866 3780 1046 3853 organum
1085 3780 1169 3851 pro-

124 3875 263 3973 prium;
284 3871 344 3944 vel
355 3869 577 3960 immediate,
591 3882 634 3942 ut
648 3871 686 3942 in
699 3894 808 3943 sensu
821 3880 946 3943 tactas
960 3882 997 3943 et
1012 3879 1167 3968 gastum

124 3989 181 4063 vel
205 3984 382 4072 mediate,
407 3995 448 4055 ut
476 3983 515 4055 in
544 3982 636 4070 aisa,
662 3982 805 4071 audita,
833 3983 977 4080 offacta
989 4010 1004 4065 ;
1031 3993 1068 4056 et
1085 4008 1168 4079 pre-

123 4100 274 4188 mendo,
304 4095 550 4169 mediantibus
584 4097 706 4169 nervis
741 4107 778 4169 et
812 4096 1045 4182 membranis
1081 4121 1167 4170 con-

122 4218 272 4292 tinuum
304 4209 419 4282 efficit
443 4220 583 4283 motum
610 4210 810 4282 introrsum
836 4210 884 4283 ad
901 4211 1105 4296 cerebrum,
1130 4223 1169 4284 et

121 4331 209 4407 inde
227 4325 280 4400 ad
301 4345 391 4395 cor:
419 4323 514 4397 unde
540 4323 704 4396 nascitur
734 4324 854 4397 cordis
882 4324 1102 4412 resistentia,
1131 4335 1168 4394 et
