2926 4980
316 338 383 404 100
701 359 755 412 nn
776 361 957 412 souma.

114 551 281 602 01³1»,an
311 518 525 594 denominat
551 522 698 597 bellum.
749 527 908 623 Tempus
926 537 1050 599 autem
1067 526 1163 599 bello
1180 548 1350 616 vacuum,

127 622 270 687 Ῥ
304 658 391 731 paa
408 647 476 709 est.

98 695 132 738 Dc
141 696 265 739 conditione

96 760 290 816 cummuni,
364 747 549 844 Quicquid
575 773 663 847 ergo
688 753 785 827 bello
811 754 976 828 omnium
993 764 1124 826 contra
1140 776 1266 825 omnes
1283 777 1348 825 na-

96 830 291 935 difflui?
312 861 481 934 turaliter
496 861 672 955 adhaeret,
682 865 781 938 idem
794 866 1042 940 conditionem
1057 866 1259 954 hominum,
1271 865 1349 938 sine

96 959 276 1011 ”mm
312 974 384 1047 alia
399 975 594 1049 securitate
621 1002 732 1073 quam
757 1003 838 1074 quae
855 1003 878 1052 a
895 980 1073 1075 cujusque
1089 979 1223 1053 robore
1237 990 1275 1051 et
1292 978 1350 1051 in-

310 1087 419 1183 genio
447 1089 632 1184 expectari
658 1102 792 1185 potest,
813 1092 1018 1165 necessario
1042 1092 1252 1165 comitatur.
1305 1092 1349 1164 ln

310 1199 521 1274 conditione
531 1203 844 1278 autemtalilocus
854 1205 1045 1278 industriae
1055 1204 1177 1277 nullus
1188 1216 1256 1293 est,
1264 1204 1352 1300 quia

310 1314 430 1386 nullus
446 1313 600 1388 fructus.
644 1316 776 1389 Nullus
793 1341 881 1413 ergo
897 1331 1005 1390 terrae
1022 1318 1153 1404 cultus,
1167 1317 1268 1391 nulla
1284 1342 1350 1391 na·

310 1427 458 1523 rigatio,
469 1427 625 1502 aedificia
634 1430 827 1503 commoda
839 1431 950 1521 nulla,
961 1432 1207 1503 instrumenta
1218 1430 1349 1527 quibus

311 1564 393 1639 quae
419 1542 618 1636 majoribus
645 1542 814 1639 indigent
830 1544 967 1616 viribus
993 1556 1210 1616 moveantur
1235 1544 1348 1633 nulla,

227 1654 231 1661 ’
309 1655 417 1730 faciei
435 1656 575 1729 telluris
593 1657 754 1753 cognitio
771 1658 882 1747 nulla,
895 1669 1102 1754 temporum
1119 1657 1348 1754 computatio

311 1769 422 1859 nulla,
440 1769 551 1842 nullae
564 1780 663 1842 artes
674 1793 793 1866 neque
807 1773 985 1855 societas;
1013 1771 1079 1845 sed
1096 1771 1195 1867 quod
1211 1770 1350 1867 gravis·

312 1882 444 1955 simum
462 1892 531 1972 est,
542 1883 673 1956 mortis
684 1883 857 1957 violentae
867 1895 987 1957 metus
1001 1896 1039 1958 et
1050 1884 1256 1980 periculum
1265 1906 1350 1979 per-

311 2007 477 2091 petuum,
500 1995 649 2091 vitaque
666 1996 857 2070 hominum
879 1997 1055 2088 solitaria,
1073 1997 1211 2093 indiga,
1227 1998 1350 2085 bruta,

312 2123 350 2183 et
367 2108 498 2182 brevis.

362 2224 449 2313 Illis,
467 2223 530 2319 qui
547 2222 627 2296 haec
643 2247 720 2296 non
739 2222 1027 2319 pensitaverunt,
1045 2222 1178 2295 mirum
1194 2221 1352 2296 fortasse

307 2338 504 2422 videbitur,
519 2348 690 2410 naturam
699 2337 866 2411 homines
884 2337 1133 2410 dissociavisse
1150 2347 1189 2410 et
1205 2336 1254 2409 ad
1266 2360 1350 2409 mu-

310 2461 412 2525 tuam
429 2450 567 2524 caedem
590 2460 695 2546 aptos
716 2449 954 2546 produxisse;
981 2460 1161 2523 ettamen
1180 2449 1253 2522 hoc
1268 2473 1352 2545 per·

310 2565 434 2661 spicue
446 2565 588 2638 illatum
601 2577 657 2637 est
674 2589 720 2637 ex
733 2576 866 2637 natura
881 2564 1104 2661 passionum,
1118 2574 1155 2637 et
1168 2575 1352 2659 praeterea

311 2678 545 2775 experientiae
571 2690 868 2752 consentaneum.
922 2678 1055 2774 Cogita
1071 2677 1181 2767 enim,
1200 2676 1351 2773 quando

311 2791 382 2864 iter
401 2792 614 2888 ingrederis,
638 2815 704 2865 cur
728 2792 880 2864 comites
906 2791 1051 2888 quaeris,
1074 2814 1178 2864 arma
1202 2790 1349 2886 gestas?

312 2904 470 2986 Quando
494 2904 693 2977 dormitum
712 2904 754 2993 is,
771 2903 868 2977 fores
891 2903 1040 2991 claudis,
1062 2927 1165 2976 arcas
1190 2903 1349 2989 obseras,

310 3016 421 3112 idque
444 3016 586 3112 legibus
607 3027 646 3089 et
667 3016 845 3090 ministris
871 3018 1021 3090 armatis
1042 3016 1090 3090 ad
1110 3040 1256 3090 omnem
1272 3014 1351 3087 vio-

310 3129 461 3203 lentiam
476 3129 724 3202 ulciscendam
744 3129 894 3225 paratis,
913 3129 1059 3225 qualem
1081 3129 1216 3202 habeas
1234 3127 1350 3225 opini-

310 3267 419 3315 onem
442 3243 488 3315 de
514 3241 737 3330 concivibus,
752 3242 797 3315 de
820 3241 959 3332 vicinis
982 3255 1021 3316 et
1044 3243 1089 3316 de
1113 3238 1348 3317 domesticis?

311 3355 444 3429 Nonne
458 3355 601 3430 cautela
613 3355 683 3428 ista
695 3367 761 3428 tua
773 3379 888 3452 genus
904 3356 1107 3429 humanum
1124 3380 1229 3451 aeque
1244 3379 1350 3428 accu-

311 3493 369 3543 sas
387 3481 496 3565 atque
513 3467 606 3565 ego?
659 3469 792 3542 Neutri
810 3480 980 3543 naturam
998 3493 1222 3542 accusamus.
1266 3469 1352 3541 Pas-

311 3584 432 3657 siones
446 3582 636 3656 bominum
652 3593 805 3677 peccata
821 3605 897 3654 non
915 3594 1014 3672 sunt,
1032 3605 1151 3676 neque
1171 3605 1252 3677 quae
1266 3580 1352 3654 inde

312 3696 482 3771 oriuntur
512 3695 686 3785 actiones,
717 3696 893 3793 quamdiu
928 3719 1009 3790 quae
1043 3694 1124 3768 illas
1158 3695 1353 3791 prohibeat

311 3820 534 3908 potestatem
547 3808 698 3897 nullam,
713 3809 777 3904 qui
789 3808 941 3897 faciunt,
955 3807 1102 3891 vident;
1121 3809 1353 3905 nequeenim

311 3925 370 3997 lex
387 3921 560 4018 cognosci
577 3934 712 4017 potest,
731 3944 813 4016 quae
831 3944 905 3993 non
923 3921 971 3993 sit
993 3920 1088 4003 lata;
1115 3943 1234 4016 neque
1251 3921 1352 4012 ferri,

312 4036 487 4133 quamdiu
502 4036 542 4108 in
557 4034 804 4131 legislatorem
827 4057 1044 4106 consensum
1066 4056 1141 4106 non
1166 4033 1225 4106 sit.
1278 4032 1352 4106 Sed

311 4150 401 4246 quid
433 4148 641 4223 hominibus
675 4147 793 4221 doctis
827 4171 1002 4221 conamur
1032 4146 1283 4219 demonstrare
1312 4144 1352 4217 id

311 4263 410 4361 quod
433 4284 481 4336 ne
503 4286 613 4336 canes
635 4261 781 4358 quidem
799 4260 982 4359 ignorant,
1001 4260 1064 4356 qui
1092 4258 1351 4335 accedentibus
1419 4285 1431 4309 ·
