2926 4980
365 388 419 440 nn
439 389 582 442 nneuo
601 388 904 442 rnnnnaanuu.
1078 371 1146 438 461

114 561 171 649 iis,
186 558 248 655 qui
266 557 412 630 Christo
425 558 658 647 adstiterunt,
669 559 779 631 etiam
793 583 892 631 nunc
905 559 1029 631 vivere
1045 578 1155 652 super
1167 587 1243 636 epp,
1256 585 1351 636 mv,

116 686 264 762 terram,
282 672 340 744 vel
358 695 512 768 regnum
530 672 598 745 Dei
625 696 702 744 esse
728 671 766 744 in
789 672 859 745 hoc
877 671 1026 744 mundo.
1080 668 1154 743 Sed
1181 669 1331 775 ruffi

115 787 218 861 locus
234 785 326 858 alius
345 795 401 857 est
423 786 462 857 in
488 787 711 858 contrarium
740 810 815 859 non
839 786 959 859 minus
985 785 1152 858 difficilis.
1179 795 1346 905 maizu&

117 899 209 972 Cum
240 898 337 970 enim
367 899 526 994 apostoli
558 910 642 995 post
674 894 978 972 resurrectionem
1005 897 1152 986 Christi,
1180 873 1357 1001 samaiim

118 1037 201 1085 cum
215 1013 292 1108 jam
310 1011 348 1084 in
370 1012 503 1084 coelum
525 1035 742 1085 ascensurus
767 1026 875 1103 esset,
894 1013 1079 1086 Christum
1097 1012 1153 1084 in·
1180 991 1351 1048 ΜΡΝ·

117 1134 408 1222 terrogaverunt,
430 1124 528 1218 (Act.
543 1125 566 1197 i.
586 1125 846 1218 iudicantes:
874 1126 1044 1214 Domine,
1062 1125 1097 1196 si
1114 1124 1153 1195 iu

119 1238 370 1335 temporebus
391 1238 570 1311 restitues
595 1263 751 1336 regnum
776 1239 906 1312 Israel
918 1243 940 1312 t?
964 1236 1154 1334 respondit

118 1351 189 1424 illis
209 1352 318 1444 (vera.
337 1355 372 1439 7,
392 1350 430 1443 8)
452 1351 624 1423 Servatur
641 1361 786 1423 noster:
814 1350 900 1423 Nou
918 1363 976 1423 est
993 1359 1154 1423 oestrum

120 1488 228 1536 nosse
246 1473 414 1560 tempora
432 1462 491 1534 ael
517 1474 696 1536 momentu
723 1489 803 1562 qua
824 1465 941 1536 Pater
962 1464 1095 1562 posuit
1116 1463 1154 1534 iu

120 1601 188 1649 suu
210 1584 429 1673 potestate:
460 1576 531 1649 sed
555 1576 755 1673 accipietis
781 1577 954 1649 virtutem
980 1601 1155 1674 superae-

120 1689 258 1762 uieutis
276 1687 445 1784 Spiritus
459 1689 590 1761 Sancti
607 1689 644 1760 iu
663 1714 738 1777 uos,
755 1699 793 1760 et
810 1689 921 1761 eritis
933 1689 1023 1761 mihi
1041 1697 1156 1761 testas

120 1804 158 1876 iu
181 1799 405 1891 Jerusalem,
432 1810 470 1873 et
488 1802 526 1874 iu
545 1803 642 1874 omui
659 1800 808 1892 iudaea,
839 1813 876 1875 et
902 1803 1091 1891 Sauturiu,
1118 1812 1156 1874 et

120 1940 233 2011 usque
249 1915 304 1987 ad
328 1914 493 1987 ultimum
519 1925 655 1999 terroe;
682 1916 805 2004 idest,
824 1921 847 1956 “
861 1941 1016 2013 regnum
1035 1940 1154 1989 meum

118 2029 283 2102 nondum
300 2028 413 2117 venit,
431 2052 500 2101 nec
525 2028 726 2124 praescietis
752 2053 818 2105 vos
849 2030 995 2125 quando
1012 2030 1154 2111 veniet;

118 2143 242 2214 veniet
259 2141 356 2213 enim
374 2141 469 2214 sicut
485 2141 545 2213 fur
562 2154 675 2214 noctu
689 2173 699 2226 ;
725 2139 789 2213 sed
807 2144 1038 2238 superveniet
1054 2142 1156 2215 vohis

121 2255 277 2352 Spiritus
296 2254 421 2326 Sancti
435 2254 563 2342 virtus,
581 2277 774 2350 perquam
799 2255 1061 2351 praedicatione
1077 2279 1157 2329 ves-

121 2380 180 2441 tra
210 2368 460 2441 testimonium
487 2367 616 2441 dicetis
642 2368 688 2441 de
715 2369 983 2442 resurrectione
1005 2393 1097 2457 mea,
1120 2380 1158 2441 et

120 2482 165 2554 de
183 2481 353 2577 operibus
382 2481 483 2570 meis,
509 2494 547 2553 et
575 2481 620 2553 de
648 2480 818 2554 doctrina
849 2506 959 2579 quam
977 2481 1097 2570 docui,
1114 2493 1158 2554 ut

121 2592 274 2667 credant
300 2595 338 2665 in
363 2618 420 2666 me
446 2595 624 2683 homines,
643 2606 680 2666 et
699 2594 809 2667 vitam
836 2608 1009 2669 aeternam
1027 2619 1158 2691 expec-

120 2719 202 2781 tent
220 2729 304 2779 cum
324 2706 504 2779 rediero.'’
557 2706 752 2781 Quomodo
782 2708 862 2780 haec
889 2733 973 2780 cum
998 2709 1159 2781 adventu

121 2821 227 2917 regni
258 2819 393 2893 Christi
421 2819 459 2891 in
486 2818 622 2893 Christi
652 2820 916 2893 resurrectione
942 2833 1158 2918 congruant,

122 2957 196 3006 uon
226 2932 357 3005 video:
392 2955 512 3029 neque
542 2955 626 3004 cum
657 2956 700 3004 eo
731 2933 831 3027 quod
856 2933 945 3006 dicit
971 2935 1007 3007 S.
1027 2935 1159 3007 Paulus

125 3051 160 3141 (l
183 3046 310 3119 Thess.
328 3045 352 3118 i.
371 3052 409 3135 9,
436 3045 519 3138 10):
547 3045 716 3116 conuersi
733 3045 826 3116 estis
844 3045 898 3118 ad
913 3047 1033 3119 Deum
1058 3073 1082 3119 u
1107 3047 1159 3119 si-

122 3158 313 3247 mulacris,
335 3157 478 3230 servire
495 3158 578 3230 Deo
604 3157 686 3229 uiuo
714 3167 751 3229 et
775 3182 874 3244 aero,
892 3169 930 3231 et
955 3170 1160 3257 expectare

111 3271 239 3366 filium
266 3273 346 3366 ejas
374 3271 422 3344 de
450 3270 576 3354 calis;
602 3271 666 3342 ubi
693 3283 886 3367 expectare
910 3272 1096 3346 Christum
1114 3272 1160 3346 de

125 3383 238 3473 coelis,
269 3383 366 3455 idem
400 3393 457 3455 est
491 3382 590 3478 quod
624 3394 817 3479 expectare
851 3385 1048 3458 adventum
1082 3389 1159 3483 ejus

125 3497 164 3569 in
181 3497 373 3592 majestate
387 3497 597 3591 regnaturi3
625 3495 725 3591 quod
747 3497 1003 3586 necessarium,
1021 3499 1052 3570 si
1078 3523 1160 3596 reg-

126 3633 215 3682 num
241 3611 318 3705 ejus
344 3610 420 3704 jam
447 3621 533 3681 ante
558 3609 698 3698 aderat,
727 3633 801 3681 non
818 3609 957 3684 fnisset.
1009 3614 1160 3702 Rursus

127 3722 158 3794 si
175 3744 330 3818 regnum
352 3722 422 3794 Dei
447 3722 642 3818 incepisset
665 3724 704 3795 in
730 3725 996 3798 resurrectione
1014 3724 1161 3814 Christi,

127 3859 236 3932 quam
267 3857 412 3907 causam
439 3835 576 3908 habent
604 3836 803 3909 Christiani
832 3838 1008 3932 precandi
1039 3838 1161 3928 hodie,

125 3957 168 4020 ut
184 3948 337 4033 faciunt,
355 3945 533 4019 adveniat
559 3972 714 4046 regnum
742 3954 873 4022 tuum?
925 3950 1163 4024 Manifestum

127 4085 217 4157 ergo
244 4072 312 4146 est,
337 4060 451 4132 verba
480 4061 542 4133 illa
568 4061 694 4134 Sancti
720 4062 837 4135 Marci
863 4061 1021 4159 aliquem
1051 4063 1162 4136 alium

126 4174 263 4248 habere
285 4195 441 4245 sensum.
495 4172 601 4261 Sunt,
620 4174 741 4271 inquit
765 4174 945 4261 Christus
964 4175 1011 4248 dc
1034 4186 1162 4249 astau-

128 4287 240 4375 tibus,
259 4286 322 4383 qui
339 4310 410 4358 uou
425 4284 634 4384 gustabunt
651 4297 802 4360 mortem
820 4298 1018 4384 autequam
1036 4290 1163 4363 ocuire
