2926 4980
348 387 402 438 nu
422 387 563 440 nnuno
581 388 881 445 ruunnasuuu.
1056 377 1127 445 503

447 775 610 849 CAPUT
636 774 786 851 XLVII.

111 961 157 1011 DE
175 960 302 1017 QUIBUS
319 959 479 1016 QUAESTUI
497 962 663 1013 subsunt
680 964 774 1014 ANTE
797 965 912 1016 DICTAE
929 966 1114 1017 TENBBRAE.

98 1113 159 1186 Du
185 1123 343 1208 praetore
366 1113 524 1210 quodum
538 1116 704 1191 Romano
722 1116 845 1190 Cassio
862 1117 1060 1191 honorifice
1077 1117 1130 1190 lo·
1141 1139 1217 1190 cre.
1228 1139 1336 1190 nuru.

99 1224 223 1321 quitur
246 1224 379 1297 alicubi
397 1227 544 1300 Marcus
561 1228 701 1318 Cicero,
726 1229 826 1325 quod
852 1229 890 1302 in
918 1229 1129 1304 criminibus
1155 1224 1309 1338 „Jq'ugff

98 1337 371 1434 cognoscendis,
389 1339 452 1411 ubi
468 1341 716 1414 testimonium
737 1365 812 1415 uon
838 1352 918 1416 erat
943 1342 1030 1416 satis
1052 1342 1129 1439 ple·
1154 1345 1302 1454 mim

96 1475 197 1540 num,
227 1464 478 1524 accusatorem
510 1453 738 1550 interrogare
771 1455 899 1529 solitus
932 1468 1039 1545 esset,
1070 1456 1130 1530 cui
1155 1474 1220 1519 uei·
1229 1474 1331 1520 suebra-

97 1565 194 1637 bono
211 1564 299 1636 fecit
316 1587 398 1636 reus
412 1596 421 1649 ;
447 1565 486 1637 id
502 1578 569 1656 est,
587 1567 686 1663 quod
702 1566 855 1656 lucrum,
875 1592 983 1665 quem
1000 1579 1129 1665 poten-

97 1676 198 1766 tiam,
212 1691 277 1751 aut
294 1701 403 1773 quam
420 1679 527 1753 aliam
545 1704 624 1753 rem
641 1681 814 1777 cupitam,
827 1681 913 1754 inde
930 1681 1130 1756 obtinuerit

97 1802 161 1863 aut
172 1792 442 1865 conservaverit
455 1803 519 1867 ant
535 1795 791 1889 expectaverit.
831 1795 1019 1868 Sentiebat
1031 1795 1129 1869 enim

96 1903 206 1977 homo
234 1904 394 2000 prudens
423 1907 559 1978 malum
587 1907 701 2001 gratis
732 1929 810 1979 esse
839 1907 1034 1996 neminem,
1065 1908 1130 1981 sed

95 2040 389 2112 unumquemque
405 2017 538 2106 facere,
550 2042 632 2114 quae
649 2018 774 2092 volens
791 2019 891 2108 facit,
902 2031 1052 2116 propter
1064 2021 1130 2093 ali·

97 2130 196 2226 quod
213 2130 349 2203 bonum
367 2130 447 2203 sibi.
498 2131 595 2203 Nam
621 2132 718 2205 inter
743 2145 966 2229 praesumpta
988 2132 1129 2205 nullum

96 2246 213 2338 majus
230 2255 298 2331 est,
309 2266 428 2338 neque
443 2243 541 2338 quod
558 2244 748 2318 authorem
766 2245 927 2318 criminis
944 2245 996 2319 ita
1013 2245 1129 2318 meni-

95 2356 187 2428 feste
204 2357 336 2452 arguit,
357 2367 396 2428 ut
413 2380 436 2428 a
452 2356 602 2429 crimine
619 2357 766 2431 utilitas.
810 2360 938 2454 Itaque
956 2358 1129 2432 authores

98 2467 358 2556 doctrinarum,
389 2492 470 2564 quae
498 2468 787 2543 Christianarum
813 2470 1003 2542 civitatum
1027 2480 1129 2544 tran·

97 2580 312 2677 quillitatem
322 2582 399 2676 jam
412 2580 475 2653 diu
487 2583 738 2672 turbaverunt,
752 2581 880 2655 eodem
893 2583 956 2656 illo
970 2584 1129 2673 criterio,

99 2693 159 2766 cui
177 2693 280 2783 bouo,
298 2694 608 2789 investigabimus

147 2808 232 2880 Post
248 2806 552 2879 resurrectionem
571 2808 773 2881 Servatoris
792 2808 918 2898 nostri,
936 2832 1021 2882 cum
1034 2810 1130 2906 jam-

92 2921 169 3016 jam
196 2944 410 2993 ascensurus
439 2932 536 2993 esset
562 2921 601 2993 in
627 2923 771 3011 coelum,
788 2933 1010 3018 rogaverunt
1026 2920 1130 2994 illum

95 3035 252 3131 apostoli
279 3034 442 3107 dicentes
462 3034 562 3128 (Act.
576 3035 600 3108 i.
619 3041 654 3125 6,
673 3038 713 3129 7)
731 3064 739 3108 ι
767 3035 935 3124 Domine,
953 3058 1038 3107 rrum
1060 3034 1129 3107 hoc

96 3158 260 3245 tempore
277 3148 454 3220 restitues
474 3171 629 3246 reguum
647 3147 824 3221 Israeli?
875 3147 990 3220 Dtau
1007 3156 1129 3220 uutem

95 3259 151 3333 ud
166 3260 263 3348 illos,
281 3283 352 3331 uon
378 3269 436 3331 est
462 3270 623 3332 oestrum
645 3283 754 3332 nosse
771 3269 951 3356 tempora,
969 3259 1046 3331 siue
1063 3282 1129 3356 op-

88 3373 345 3471 portunitates
362 3397 456 3469 quus
474 3373 594 3446 Pater
610 3373 649 3446 iu
666 3397 736 3446 suu
754 3373 873 3471 ipsius
896 3372 1130 3446 authoritate

95 3486 241 3558 statuit.
293 3485 366 3559 Qui
392 3509 545 3582 regnum
568 3487 637 3560 Dei
654 3487 864 3560 restitutum
881 3486 1020 3576 dicunt,
1038 3499 1129 3560 tunc

94 3623 180 3671 cum
209 3599 374 3672 Christus
397 3623 419 3671 a
443 3599 595 3672 mortuis
620 3599 829 3687 resurrexit,
847 3598 907 3670 cui
933 3597 1023 3670 bono
1041 3599 1129 3671 doc-

94 3711 231 3785 trinam
247 3713 342 3784 banc
362 3711 538 3784 doctrinae
555 3712 625 3783 illae
646 3711 738 3784 adeo
756 3719 1030 3806 repugnantem,
1049 3723 1129 3783 tum

95 3825 249 3897 ecclesia
266 3826 442 3913 Romana,
461 3835 540 3895 tum
567 3823 733 3896 nonnulli
750 3822 812 3895 alii
829 3822 938 3917 vulgo
966 3821 1128 3895 docent?

97 3937 265 4033 Regnum
282 3937 351 4010 Dei
376 3936 585 4009 institutum
601 3947 680 4009 erat
696 3936 734 4009 in
749 3934 888 4009 Judaeis
904 3959 927 4007 a
943 3935 1021 4008 Deo
1038 3936 1129 4033 ipso.

98 4050 142 4123 In
168 4074 211 4122 eo
236 4060 457 4146 potestatem
482 4048 521 4121 in
546 4060 645 4122 terra
669 4072 847 4122 summam
873 4047 1030 4122 habebat
1045 4060 1130 4145 post

95 4164 238 4236 Mosem
255 4164 392 4251 Aaron,
409 4172 447 4235 et
463 4174 546 4257 post
563 4165 747 4235 Aaronem
772 4162 895 4234 caeteri
921 4162 1128 4236 sacerdotes

95 4277 238 4367 summi,
257 4301 322 4351 sno
340 4276 493 4372 quisque
510 4287 686 4372 tempore.
735 4275 832 4364 Jam,
848 4275 1020 4372 quoniam
1044 4299 1128 4371 reg-
