2926 4980
336 307 404 374 140
714 325 768 376 un
788 325 995 378 crvrrnrr.

119 516 197 567 cur.
208 517 311 571 xvru.
330 499 368 562 et
385 490 464 563 sine
481 490 620 564 honore
638 502 746 577 sunt;
773 492 827 565 ita
843 506 882 565 et
897 494 993 566 cives
1005 517 1127 566 coram
1142 517 1185 567 co
1198 495 1261 590 qui
1271 498 1370 592 gerit

146 601 288 634 *Ὺ*
329 627 524 700 personam
552 604 725 693 civitatis,
751 628 877 678 omnes
900 605 998 678 inter
1021 628 1060 678 se
1086 606 1242 701 aequales
1269 620 1368 697 sunt,

117 659 208 716 Dejure
217 662 254 706 ha·

115 725 215 834 mum
224 732 293 784 poue
331 740 540 813 quanquam
557 727 662 790 extra
677 719 910 814 praesentiam
936 719 1034 792 illius
1054 719 1117 791 alii
1143 720 1221 793 aliis
1249 722 1368 818 magis

114 855 139 930 a„
158 805 303 932 addim&
330 831 567 926 splendeant3
593 856 680 904 nam
698 856 821 905 coram
835 832 898 905 illo
912 857 987 906 uon
1001 833 1156 929 amplius
1174 834 1368 931 splendent

115 925 281 966 ΜΝ·
329 966 439 1038 quam
457 943 763 1040 stellaepraesente
781 946 868 1019 sole.

379 1056 488 1129 Dicet
515 1055 671 1130 fortasse
699 1057 831 1153 aliquis
853 1058 1102 1132 conditionem
1129 1059 1263 1133 civium
1288 1085 1367 1135 esse

327 1294 412 1356 sunt
430 1283 589 1357 obnoxii.
642 1284 686 1357 Id
711 1296 834 1357 autem
862 1285 925 1381 qui
952 1286 1019 1359 snb
1046 1287 1295 1362 monarchiam
1311 1289 1367 1360 vi-

325 1407 428 1485 vunt,
445 1398 680 1486 monarchiae,
708 1398 771 1493 qui
798 1399 866 1470 sub
893 1410 1030 1470 coetum
1047 1399 1208 1494 plurium
1224 1400 1365 1490 vivunt,

326 1508 378 1581 illi
395 1509 584 1606 regiminis
610 1509 739 1584 formae
765 1510 947 1608 imputare
974 1512 1118 1595 solent;
1145 1536 1365 1609 quamquam

325 1621 364 1694 in
383 1621 627 1710 omniforme,
646 1647 729 1719 quae
754 1636 948 1720 protegere
970 1649 1032 1697 eos
1055 1626 1183 1720 possit,
1200 1636 1364 1721 potestas

325 1735 476 1830 aequalis
491 1736 549 1809 sit.
602 1737 687 1810 Nou
705 1737 803 1809 enim
821 1736 987 1833 cogitant
1005 1737 1104 1832 quod
1121 1761 1179 1810 res
1197 1738 1365 1812 humanae

325 1849 402 1922 siue
416 1848 648 1922 incommodo
663 1873 740 1923 esse
753 1873 827 1922 uon
838 1862 993 1946 possunt
1005 1881 1014 1932 ;
1033 1874 1102 1922 nec
1115 1850 1214 1945 quod
1228 1852 1365 1926 incom-

324 1962 435 2036 moda
452 1987 535 2059 quae
551 1963 590 2035 iu
609 1963 771 2059 qualibet
789 1963 950 2036 civitatis
966 1962 1085 2036 forma
1095 1964 1263 2038 accidere
1279 1988 1364 2061 pos·

325 2087 412 2150 sunt
436 2077 607 2166 maxima,
636 2100 714 2173 prae
736 2076 823 2148 belli
848 2075 1126 2162 calamitatibus,
1153 2089 1193 2150 et
1218 2101 1299 2173 quae
1324 2077 1363 2152 iu

325 2189 537 2263 conditione
567 2191 757 2263 bominum
783 2189 954 2278 naturali,
981 2190 1060 2262 sine
1091 2188 1253 2279 domino,
1284 2192 1362 2264 sine

323 2303 417 2399 lege,
432 2326 477 2376 ex
502 2316 609 2399 rapto
626 2304 825 2376 viventium
851 2302 1084 2397 contingunt,
1104 2302 1163 2374 vix
1181 2303 1365 2376 sensibilia

324 2426 430 2500 sunt;
457 2440 526 2489 nec
543 2415 701 2511 denique
719 2416 819 2512 quod
836 2415 1051 2510 gravissima
1068 2439 1192 2504 onera,
1217 2440 1300 2512 quae
1317 2418 1362 2489 ab

323 2528 769 2625 habentibuspotestatem
781 2552 961 2601 summam
972 2528 1306 2624 imponuntur,non
1317 2532 1363 2603 ab

323 2666 378 2732 eo,
398 2642 496 2738 quod
507 2641 587 2714 illos
600 2653 666 2714 aut
676 2665 857 2736 pauperes
875 2653 939 2713 aut
954 2639 1093 2713 debiles
1106 2641 1187 2713 fieri
1201 2643 1363 2738 cupiant,

321 2754 616 2852 proficiscuntur,
635 2753 766 2849 quibus
784 2753 916 2825 divites
935 2765 973 2824 et
998 2753 1112 2825 fortes
1131 2777 1194 2826 eos
1211 2778 1289 2826 esse
1305 2779 1363 2828 re-

320 2868 486 2964 gentium
501 2867 694 2940 commodo
712 2867 869 2939 maxime
883 2865 1041 2961 expedit,
1060 2866 1125 2939 sed
1138 2868 1184 2939 ab
1200 2867 1363 2962 ipsorum

321 2981 455 3053 civium
473 2981 681 3065 tenacitate,
699 3004 743 3052 ea
760 2980 1006 3067 contribuere,
1026 3004 1108 3076 quae
1119 2980 1166 3052 ad
1177 3005 1307 3075 pacem
1325 2992 1363 3055 et

321 3093 571 3167 defensionem
601 3118 703 3166 suam
735 3092 942 3164 necessaria
972 3105 1069 3181 sunt,
1101 3095 1360 3168 recusantium.

322 3206 412 3279 lude
443 3220 565 3280 autem
596 3206 806 3303 regentibus
830 3205 1047 3301 plerumque
1074 3205 1251 3295 nascitur,
1274 3207 1359 3282 dum

319 3344 392 3416 pax
411 3332 479 3409 est,
492 3321 686 3416 pecuniam
701 3317 871 3414 exigendi
882 3329 1056 3412 quantam
1070 3330 1224 3413 possunt
1235 3343 1361 3394 neces-

319 3435 419 3522 sitaS,
437 3447 480 3506 ut
497 3457 578 3528 quae
593 3456 684 3528 opus
703 3445 789 3504 suut
812 3430 859 3504 ad
875 3429 1023 3517 bellum,
1040 3444 1172 3526 parata
1188 3431 1360 3507 habeant.

321 3546 394 3621 Sed
408 3548 548 3620 civibus
560 3547 646 3619 data
662 3559 749 3618 sunt
766 3570 789 3617 a
805 3556 938 3617 natura
955 3544 1059 3638 quasi
1073 3544 1180 3632 vitra,
1199 3569 1281 3640 quae
1296 3547 1360 3618 ob-

316 3662 417 3756 jecta
434 3662 573 3756 majora
590 3684 699 3756 quam
713 3671 800 3731 sunt
821 3657 935 3729 videri
957 3655 1119 3741 faciunt3
1146 3682 1212 3752 per
1230 3683 1312 3754 quae
1330 3661 1361 3732 si

321 3775 500 3847 tributum
517 3773 666 3846 videant
692 3771 1066 3868 quantulumcunque,
1095 3795 1267 3867 magnam
1293 3797 1361 3869 pu-

320 3901 403 3961 tant
419 3913 497 3961 esse
515 3888 800 3983 oppressionem.
832 3883 1053 3978 Tclescopiis
1071 3897 1209 3973 carent,
1228 3909 1361 3981 nempe

320 4002 482 4074 scientiis
516 4003 648 4098 quibus
679 4026 701 4072 a
730 3999 933 4094 longinquo
966 3997 1176 4092 prospicere
1210 4011 1361 4094 possent

321 4115 482 4186 miserias
508 4115 586 4186 illas
613 4113 881 4209 impendentes,
908 4132 991 4204 quae
1021 4109 1098 4197 sine
1121 4112 1359 4206 pecuniarum

319 4227 650 4302 contributionibus
668 4239 755 4299 sunt
771 4222 1010 4297 inevitabiles
