2926 4980
324 341 373 408 66
719 352 773 404 DE
793 348 976 403 HOMINE-

125 560 203 611 σῃ,
218 559 295 610 vm
325 533 415 611 tcm,
441 518 745 616 magnitudinem,
772 519 998 618 qualitatem,
1028 525 1098 589 eto.
1131 534 1214 609 quae
1243 508 1367 582 omnia

113 640 285 749 „W
327 644 415 709 sunt
431 633 659 729 incorporea,
677 632 836 730 migrare
854 656 875 706 e
891 654 999 728 pane,
1017 640 1056 703 et
1073 629 1212 701 intrare
1230 624 1269 696 ιιι
1286 644 1367 695 cor-

111 768 310 820 ammaum·
330 771 400 846 pus
420 746 624 819 Servatoris
650 747 769 819 nostri
791 746 882 820 lesu
904 743 1061 825 Christi3
1087 763 1210 813 nonne
1226 736 1369 810 faciunt

112 835 276 957 mmm
328 884 374 933 ex
402 857 474 930 illis
501 859 751 933 accidentibus
784 858 941 933 totidem
974 851 1147 952 spiritus?
1199 852 1296 924 Nam
1330 858 1369 919 et

327 971 477 1069 spiritus
501 970 646 1045 iidem
636 995 869 1069 incorporeos
892 993 972 1044 esse
988 978 1132 1065 putant,
1146 963 1289 1038 etiamsi
1307 982 1368 1033 eos

328 1109 351 1158 a
366 1084 448 1157 loco
462 1083 510 1156 ad
526 1084 648 1158 locum
665 1087 805 1161 moveri
822 1087 1077 1159 confiteantur.
1104 1083 1235 1178 Itaque
1252 1098 1369 1175 genua

328 1199 398 1272 hoc
432 1198 627 1273 locutionis
662 1200 831 1274 absurdae
865 1199 1052 1272 numerari
1086 1197 1184 1269 inter
1217 1191 1369 1266 insania

329 1312 469 1409 species
486 1312 619 1386 multas
636 1325 738 1387 reotc
754 1326 887 1410 potest.
938 1313 1120 1407 Tempora
1136 1319 1270 1395 autem,
1289 1304 1369 1402 qui-

329 1427 398 1499 bus
428 1424 673 1521 cogitationes
700 1427 903 1501 eorundem
925 1426 1138 1499 insanorum
1154 1423 1370 1518 gubernatae

330 1563 354 1612 a
380 1540 644 1634 cupiditatibus
679 1540 874 1615 mundanis
907 1538 1098 1637 perspicue
1129 1535 1370 1631 explicantur,

241 1698 244 1703 -
331 1652 403 1726 alia
419 1675 495 1727 non
512 1665 598 1727 sunt
615 1679 726 1750 quam
742 1655 866 1729 lucida
877 1652 1080 1729 intervalla.

381 1765 505 1862 Atque
522 1767 602 1840 haec
620 1767 666 1841 de
682 1768 881 1842 virtutibus
898 1778 936 1891 et
952 1765 1052 1839 vitiis
1063 1759 1372 1838 intellectualibus

333 1877 435 1951 dicta
451 1879 645 1952 sufficiant.

753 2006 948 2017 ..n-

752 2019 948 2035 ψ

550 2341 597 2391 ott
616 2340 861 2390 scrssrt'rrnnost
878 2337 1165 2389 DISTRIBUTIONE.

335 2457 617 2531 Coanrrronls
638 2456 721 2531 duae
739 2468 826 2530 sunt
842 2456 991 2552 species.
1043 2454 1173 2527 Altera
1195 2453 1309 2537 facti3
1337 2462 1375 2524 et

335 2581 391 2645 est
417 2571 579 2667 cognitio
606 2571 755 2667 propria
780 2569 943 2658 testium,
962 2569 1066 2664 cujus
1082 2566 1302 2662 conscriptio
1320 2575 1376 2638 est

335 2684 510 2757 historia.
537 2683 722 2757 Dividitur
739 2695 864 2756 autem
880 2683 920 2756 in
936 2679 1147 2755 naturalem
1165 2693 1203 2753 et
1221 2678 1374 2768 civilem,

336 2820 492 2892 quarum
521 2810 654 2870 neutra
679 2797 843 2893 pertinet
872 2795 921 2869 ad
952 2796 1163 2869 institutum
1197 2804 1375 2866 nostrum.

336 2909 464 2982 Altera
491 2920 548 2982 est
578 2909 934 3006 consequentiarum,
952 2918 1175 3003 vocaturque
1201 2905 1375 2988 scientia;

337 3021 560 3117 conscriptio
577 3033 700 3094 autem
718 3024 795 3118 ejus
812 3022 988 3118 appellari
1006 3021 1098 3094 solet
1117 3018 1375 3117 philosophia.

337 3133 523 3208 Quoniam
540 3144 664 3206 autem
682 3135 846 3230 subjecta
863 3135 1098 3207 scientiarum
1113 3145 1198 3206 sunt
1212 3153 1375 3227 corpora,

336 3245 591 3319 distribuenda
618 3258 675 3319 est
700 3247 739 3320 ιιι
765 3247 915 3343 species,
933 3246 1063 3321 eodem
1088 3245 1198 3319 modo
1216 3269 1288 3342 quo
1307 3243 1379 3317 dis·

340 3360 555 3433 tribuuntur
570 3360 610 3433 in
629 3383 711 3433 suas
739 3362 878 3456 species
896 3383 1052 3457 corpora
1076 3361 1166 3457 ipsa,
1185 3358 1307 3449 idest,
1326 3359 1379 3432 ita

337 3485 381 3546 ut
410 3473 674 3547 universaliora
702 3474 823 3547 minus
852 3474 1118 3567 universalibus
1145 3473 1377 3547 antecedant.

340 3586 569 3660 Universalia
583 3587 681 3659 enim
692 3587 909 3684 specialibus
922 3587 1131 3661 essentialia
1140 3598 1283 3677 suntet
1295 3612 1379 3685 pro·

339 3698 425 3772 inde
447 3699 708 3773 universalium
735 3700 889 3774 scientia
913 3700 1114 3774 essentialis
1137 3711 1194 3773 cst
1216 3701 1379 3774 scientiae

340 3813 557 3908 specierum,
575 3811 667 3885 adeo
697 3825 741 3885 ut
767 3814 859 3903 haec,
885 3812 955 3885 nisi
982 3837 1049 3910 per
1074 3813 1221 3887 illorum
1247 3814 1378 3902 lucem,

339 3926 479 4021 percipi
496 3926 735 4021 nonpossint.

391 4037 710 4110 Generalissimum
728 4049 852 4111 autem
877 4038 1125 4134 subjectorum
1143 4038 1305 4112 scientiar
1323 4051 1379 4111 est

340 4172 486 4246 corpus,
514 4151 619 4245 cujus
650 4151 856 4224 accidentia
879 4150 952 4223 duo
978 4163 1076 4238 suut,
1099 4151 1316 4250 magnitudo
1342 4162 1380 4223 et

339 4269 468 4333 malua.
521 4261 618 4335 Illud
648 4285 747 4358 ergo,
767 4261 868 4359 quod
885 4263 1063 4358 quaeritur
1078 4265 1196 4361 primo
1222 4263 1379 4359 aphilo-
