2926 4980
504 379 559 431 nn
579 379 787 432 crvrrnrn.
1094 363 1163 429 143

119 571 167 620 ex
187 557 301 636 coetu,
318 570 513 642 personam
535 546 740 620 naturalem
768 570 869 630 esse;
898 559 936 618 et
954 569 1164 642 quanquam
1192 577 1270 627 cup,
1283 575 1359 626 m,

120 660 160 734 in
177 683 338 757 persona
353 684 421 734 sua
436 662 587 757 politica
603 661 746 735 civitati
771 660 929 750 studeat,
948 683 1022 733 non
1039 671 1163 731 tamen
1179 659 1350 778 θῶ

121 775 206 849 ideo
231 775 279 848 ad
301 798 380 847 rem
397 775 613 849 familiarem
639 800 754 864 suam,
782 788 821 847 et
845 787 1100 870 cognatorum,
1126 785 1166 844 et
1178 787 1343 842 civitatum

122 888 327 962 amicorum
342 888 463 961 minus
481 890 678 985 respicere;
697 900 735 961 et
747 888 958 983 saepissime,
972 888 1002 959 si
1021 885 1163 959 contin·
1177 855 1344 960 iiiii-Q

123 1012 189 1100 gat
204 1002 344 1075 bonnm
360 1001 548 1097 publicum
570 1026 654 1074 cum
678 1002 823 1098 privato
848 1025 922 1074 non
949 1023 1163 1096 congruere,
1177 980 1377 1104 ffipfflm

122 1115 308 1213 privatum
322 1114 469 1210 publico
487 1114 682 1188 anteferre.
735 1114 832 1186 Nam
844 1113 1030 1209 passiones
1047 1114 1165 1185 homi-

123 1252 215 1302 num
241 1228 385 1300 ratione
413 1227 628 1324 plerumque
655 1226 825 1299 fortiores
854 1239 951 1299 sunt.
1005 1225 1163 1301 Quando

125 1364 215 1437 ergo
231 1342 372 1414 bonum
387 1341 576 1436 publicum
602 1353 640 1413 et
664 1341 849 1436 privatum
865 1340 1166 1413 arctissime‘nni·

124 1464 248 1542 untur,
266 1466 357 1527 tune
374 1453 532 1525 maxime
557 1463 778 1549 procuratur
800 1453 938 1524 bonum
964 1452 1163 1548 publicum.

127 1567 170 1640 ln
187 1567 404 1639 monarchia
420 1578 545 1639 autem
562 1567 701 1638 bonum
718 1565 906 1660 publicum
925 1578 963 1637 et
979 1564 1164 1660 privatum

125 1677 224 1752 idem
250 1691 318 1751 est.
380 1677 492 1774 Regis
510 1678 609 1752 enim
626 1677 777 1766 divitia,
794 1679 972 1775 potentia,
991 1689 1029 1750 et
1047 1678 1166 1752 honor

125 1816 149 1865 a
173 1791 315 1865 viribus
339 1801 378 1864 et
406 1791 674 1865 existimatione
709 1791 843 1863 civium
871 1790 1165 1887 proficiscuntur.

126 1905 226 1979 Nam
242 1928 320 1992 rex,
335 1904 439 2000 cujus
457 1904 596 1979 subditi
612 1927 806 2001 pauperes,
830 1903 979 1991 debiles,
997 1916 1061 1977 aut
1076 1905 1167 1978 viles

125 2028 225 2107 sunt,
243 2040 363 2113 neque
390 2016 503 2107 dives,
528 2041 648 2113 neque
676 2040 841 2112 magnus,
871 2041 991 2113 neque
1019 2041 1168 2092 securus

125 2154 206 2204 esse
225 2140 361 2226 potest
417 2130 462 2202 In
487 2128 712 2202 democratia
737 2140 861 2202 autem
884 2130 1023 2202 bonum
1048 2132 1167 2226 publi-

126 2267 214 2318 cum
229 2243 351 2316 minus
367 2242 566 2338 aliquando
591 2243 750 2316 hominis
776 2243 945 2338 improbi,
972 2244 1084 2332 avari,
1111 2245 1169 2317 vel

127 2355 314 2431 ambitiosi
342 2356 441 2429 bono
467 2355 611 2452 privato
642 2355 803 2451 expedit,
834 2380 945 2451 quam
975 2357 1169 2430 consilium

129 2470 327 2567 perfidum,
343 2468 443 2543 actio
459 2468 674 2565 proditoria,
693 2469 752 2542 vel
766 2469 904 2542 bellum
922 2470 1038 2544 civile.

180 2583 364 2672 Secundo,
381 2583 582 2656 monarcha
600 2606 720 2678 quem,
738 2583 896 2678 quando,
907 2584 970 2656 ubi
985 2584 1064 2656 vult
1080 2608 1169 2658 oon-

129 2697 229 2770 sulit.
255 2696 387 2791 Itaque
400 2718 540 2783 eorum,
554 2695 617 2789 qui
630 2694 669 2767 in
682 2717 722 2766 re
737 2694 783 2767 de
801 2719 874 2791 qua
891 2696 1070 2769 deliberat
1086 2721 1168 2770 ver-

130 2809 303 2885 satissimi
330 2820 427 2897 sunt,
453 2807 716 2903 qualiscunque
733 2808 807 2882 sint
823 2809 974 2898 ordinis,
989 2809 1067 2881 sine
1083 2809 1169 2884 fuco

132 2923 304 3010 oratorio,
322 2934 409 2995 ante
432 2921 635 3017 exequendi
654 2934 810 3017 tempus
829 2936 1008 3018 quantum
1026 2924 1116 3011 vult,
1134 2935 1171 2996 et

131 3048 273 3110 secreto
291 3036 446 3109 consilia
462 3035 589 3108 audire
606 3046 740 3131 potest.
792 3035 902 3109 Coetu
927 3048 1082 3125 sautem,
1108 3036 1171 3109 ubi

132 3149 285 3224 consilio
312 3173 405 3246 opus
432 3161 499 3237 est,
519 3149 744 3223 consiliarios
761 3150 881 3223 nullos
907 3163 1012 3223 extra
1039 3175 1172 3247 corpus

134 3285 242 3336 suum
258 3263 396 3336 babere
412 3273 547 3358 potest,
576 3286 733 3357 quorum
754 3262 914 3336 maxima
935 3287 1021 3359 pars
1048 3288 1171 3336 rerum

135 3375 296 3449 civilium
320 3375 481 3472 imperiti
508 3385 614 3458 sunt;
642 3375 778 3463 caeteri,
796 3400 880 3448 cum
898 3386 1060 3460 oratores
1084 3376 1171 3463 sint,

137 3488 362 3562 orationibus
380 3498 445 3560 aut
460 3487 597 3560 fucosis
614 3500 679 3561 aut
695 3489 818 3584 inepte
836 3489 956 3562 doctis
973 3489 1173 3562 sententias

137 3600 311 3690 dicentes,
341 3600 526 3673 civitatem
552 3613 617 3673 aut
644 3602 796 3675 turbant
821 3615 886 3675 aut
911 3602 1003 3675 nibil
1029 3604 1171 3698 juvant.

138 3713 267 3810 Neque
290 3713 441 3787 omnino
459 3714 572 3786 coetui
588 3714 779 3787 hominum
797 3715 949 3800 consilii,
967 3714 1066 3810 quod
1082 3716 1174 3788 taci-

137 3839 216 3900 tum
245 3851 325 3900 esse
352 3826 513 3923 expedit,
536 3829 716 3923 capiendi,
734 3841 885 3925 propter
901 3828 1174 3901 multitudinem

138 3950 281 4037 tempus
298 3951 363 4013 aut
376 3940 479 4013 locus
493 3952 560 4014 est.

188 4053 324 4141 Tertio,
338 4053 621 4126 monarchorum
635 4053 783 4127 decreta
792 4055 1076 4128 inconstantiam
1093 4056 1175 4128 nul-

141 4165 213 4237 lam
237 4167 376 4239 babent
404 4179 539 4262 praeter
567 4191 659 4254 eam,
691 4191 774 4263 quae
806 4180 977 4240 naturam
1011 4169 1175 4265 sequitur

141 4276 358 4362 humanam
383 4278 449 4352 sed
465 4279 504 4351 in
517 4280 674 4352 coetibus
691 4279 834 4353 accedit
844 4280 1092 4355 inconstantia
1103 4283 1176 4355 alia
