2926 4980
521 389 575 442 nn
595 389 777 443 nouum.
1115 370 1162 448 37

120 553 233 649 cipiis
250 554 450 630 ordiantur.
494 557 565 629 Vix
579 558 677 631 enim
691 557 852 630 invenies
868 553 1055 627 hominem
1072 553 1164 626 adeo

121 666 323 762 stupidum,
342 668 433 764 quin
451 669 483 742 si
508 669 548 741 in
573 671 776 767 geometria
792 667 967 741 erraverit
984 690 1164 740 errorem-

123 802 200 875 que
217 781 294 875 ejns
317 781 390 878 ipsi
414 782 618 856 ostenderit
643 782 745 873 alius,
764 805 925 854 errorem
943 804 1050 853 suum
1066 780 1163 853 illico

122 903 312 988 agnoscet.

174 1007 341 1102 Apparet
356 1006 445 1080 hinc
463 1008 642 1081 rationem
667 1029 748 1081 non
765 1030 854 1096 esse,
872 1006 967 1079 sicut
984 1029 1110 1079 sensns
1127 1017 1165 1080 et

123 1120 314 1208 memoria,
350 1121 544 1193 nobiscum
570 1131 716 1205 natam;
743 1143 863 1216 neque
892 1119 981 1208 sola,
1009 1132 1050 1193 ut
1077 1143 1165 1216 pru-

125 1232 264 1320 dentia,
282 1234 510 1329 experientia
534 1234 761 1331 acquisitam,
779 1235 843 1307 sed
867 1233 1068 1317 industria3
1096 1233 1166 1306 sci-

124 1346 212 1419 licet
229 1357 319 1441 apta
344 1347 529 1443 inprimis
545 1348 778 1444 impositione
795 1347 984 1420 nominum
998 1377 1007 1431 ;
1034 1346 1167 1419 deinde

125 1459 302 1531 methodo
315 1471 419 1533 recta
433 1461 667 1557 procedendo
681 1485 705 1534 a
719 1461 928 1533 nominibus
939 1460 987 1533 ad
1002 1460 1167 1557 proposi-

124 1571 260 1660 tiones,
279 1583 318 1645 et
335 1597 357 1645 a
378 1573 690 1669 propositionibus
717 1573 765 1646 ad
791 1573 1030 1670 syllogismos,
1049 1572 1168 1645 donee

124 1685 297 1758 veniatur
306 1685 354 1758 ad
364 1686 612 1782 cognitionem
624 1685 965 1783 cousequentarium
977 1685 1168 1758 nominum

125 1798 293 1871 omnium
320 1822 403 1895 quae
429 1799 477 1872 ad
502 1800 691 1873 scientiam
716 1800 914 1895 pertinent.
967 1799 1100 1872 Sensus
1129 1809 1168 1871 et

125 1912 316 2000 memoria,
339 1911 429 1984 facti
455 1924 600 1986 tantum
627 1913 790 2008 cognitio
816 1925 898 1997 est;
924 1911 1081 1984 scientio
1104 1936 1168 1984 au-

126 2038 204 2098 tem
231 2025 397 2121 cognitio
425 2036 482 2098 est
508 2026 849 2122 consequentiarum
875 2025 983 2097 unius
1009 2024 1098 2098 facti
1121 2025 1169 2098 ad

127 2139 297 2211 alterum.
350 2139 420 2211 Per
433 2163 515 2211 eam
531 2152 656 2212 autem
672 2137 814 2234 aliquiS,
829 2163 873 2211 ex
891 2162 935 2211 eo
953 2138 1053 2234 quod
1069 2161 1169 2212 nunc

127 2253 250 2326 facere
265 2262 402 2348 potest,
417 2252 570 2326 docetur
582 2252 722 2348 aliquid
738 2252 838 2325 aliud
855 2252 972 2325 simile
988 2251 1122 2339 facere,
1139 2251 1169 2323 si

127 2364 228 2452 velit,
254 2365 327 2437 alio
354 2375 532 2460 tempore.
585 2365 683 2439 Quia
708 2364 852 2461 quoties
872 2364 1037 2437 videmus
1062 2364 1170 2436 effec-

127 2495 233 2550 tuum
262 2489 388 2550 0rtum
420 2491 458 2550 et
488 2502 627 2566 causas,
655 2491 693 2551 et
724 2477 907 2574 quomodo
932 2486 1169 2572 generantur,

129 2591 316 2680 docemur,
334 2591 478 2688 quoties
500 2591 539 2663 in
565 2601 691 2663 nostra
713 2602 898 2687 potestate
922 2601 1020 2677 sunt,
1042 2613 1170 2662 causas

128 2704 264 2778 similes
283 2704 421 2777 similes
438 2702 640 2799 producere
658 2704 819 2776 effectus.

180 2817 346 2890 Infantes
364 2816 479 2911 igitur
495 2829 619 2889 actum
636 2815 800 2903 rationis,
819 2826 1017 2909 antequam
1035 2838 1171 2887 sermo-

129 2930 187 3003 nis
203 2954 313 3002 usum
325 2929 573 3026 acquisierint,
587 2952 661 3001 non
670 2929 829 3012 habent;
856 2939 1034 3001 vocantur
1046 2941 1171 3002 autem

129 3043 304 3116 animalia
340 3042 533 3116 rationalia
565 3054 715 3140 propter
753 3053 975 3138 potestatem
1012 3055 1169 3116 tantum.

130 3157 299 3252 Plerique
330 3168 453 3230 autem
482 3157 662 3246 homines,
693 3157 763 3230 etsi
791 3156 1030 3254 aliqnousque
1059 3156 1172 3229 ratio-

130 3269 248 3341 cinari
272 3281 441 3366 possunt,
467 3282 510 3343 ut
537 3269 634 3342 forte
663 3270 702 3342 in
732 3269 917 3354 numeris;
946 3294 1023 3342 non
1047 3279 1171 3342 tamen

132 3382 292 3454 multum
312 3382 399 3455 inde
426 3382 628 3479 adjumenti
656 3383 841 3479 accipiunt
869 3382 916 3455 ad
939 3382 1053 3454 vitam
1074 3404 1173 3454 com-

132 3519 303 3577 munem;
345 3494 485 3590 inqua
514 3495 652 3590 seipsos
681 3507 816 3590 regunt
845 3494 906 3567 alii
934 3494 1077 3583 melius,
1109 3493 1172 3566 alii

131 3609 250 3706 pejus,
262 3621 374 3705 prout
387 3608 612 3704 experientia
628 3609 805 3681 memoria
816 3608 874 3681 vel
891 3607 1059 3704 appetitu
1074 3607 1173 3680 inter

1206 582 1283 632 ΟΑΡ.
1296 580 1331 628 V.

1197 661 1340 698 25—ae

1205 730 1240 773 De
1250 728 1334 771 rationo

1202 799 1226 838 et
1234 792 1331 838 scientia.

132 3746 172 3795 se
207 3721 410 3805 differunt;
455 3722 612 3794 maxime
643 3734 765 3793 autem
803 3719 953 3793 fortuna
983 3720 1082 3792 bona
1114 3721 1173 3794 vel
1209 3806 1211 3811 .

132 3835 300 3924 adversa,
330 3846 370 3907 et
395 3858 489 3909 nnus
519 3834 669 3908 alterius
697 3834 879 3907 erroribus
907 3834 1171 3929 gubernantur.

135 3933 249 4022 Quod
271 3947 370 4019 euim
392 3947 441 4020 ad
461 3948 657 4021 scientiam
680 3946 814 4020 attinet
832 3959 869 4019 et
886 3947 1074 4019 actionum
1090 3970 1173 4020 sua-

134 4085 218 4134 rum
235 4060 382 4156 regulas
396 4071 524 4148 certas,
543 4061 596 4133 ita
612 4061 658 4133 ab
680 4083 724 4132 ea
739 4059 848 4155 longe
865 4059 1008 4145 absunt,
1026 4071 1068 4131 ut
1086 4059 1174 4155 quid

135 4175 185 4247 sit
210 4185 348 4269 praeter
374 4196 456 4246 suas
484 4173 647 4269 ipsorum
675 4172 895 4269 cupiditates
919 4172 1006 4245 vitae
1033 4173 1173 4268 regula,

134 4309 211 4360 uon
236 4284 454 4382 intelligant.
505 4285 753 4359 Geometriam
777 4284 887 4381 aliqui
910 4308 978 4381 pro
1000 4297 1079 4358 arte
1097 4308 1174 4356 ma-
