2926 4980
312 368 381 432 184
685 382 738 434 oa
759 381 967 434 clvtTATE.

95 581 172 630 ιιι.
190 581 291 630 ιιιιιι,
309 559 492 645 potestate
527 573 616 622 cura
643 549 845 646 imponitur
864 549 1005 646 judicia
1021 549 1239 646 exequendi,
1254 550 1357 645 jussa

112 663 264 766 „W
310 664 661 758 summaepotestatis
672 662 1079 759 publicandi,tumultus
1091 663 1356 759 supprimendi,

108 773 296 896 33:¹¹5&ssss
310 776 563 849 malefactores
577 776 757 872 capiendi,
773 786 811 848 et
825 776 1077 848 incarcerandi
1092 807 1101 859 ;
1129 777 1356 873 aliarumque
1381 875 1382 878 Ἴ

308 913 431 962 rernm
449 888 497 961 ad
512 890 826 963 conservationem
844 888 945 985 pacis
962 888 1240 984 pertinentium.
1273 891 1356 962 Hu-

304 1003 466 1099 jusmodi
478 1002 576 1074 enim
586 1003 748 1075 actiones
759 1002 917 1076 civitatis
928 1001 1092 1074 actiones
1107 1014 1205 1089 sunt,
1212 1002 1356 1099 ipsique

309 1116 467 1189 ministri
484 1117 695 1213 hujusmodi
713 1117 878 1213 corporis
892 1115 1044 1189 humani
1061 1115 1230 1188 monibus
1254 1140 1357 1188 com-

307 1229 463 1326 parandi
478 1243 577 1302 sunt.

359 1342 461 1416 Foris
478 1343 637 1416 ministri
656 1344 793 1440 publici
812 1355 898 1417 sunt
917 1344 981 1432 illi,
1000 1343 1063 1440 qui
1079 1366 1256 1439 personas
1274 1367 1354 1416 mo·

308 1457 529 1529 marcharum
547 1480 698 1529 suorum
716 1458 774 1530 vel
791 1481 1017 1530 summorum
1035 1467 1198 1529 coetuum
1216 1481 1352 1553 reprae-

309 1581 457 1643 sentant
482 1571 530 1644 ad
554 1570 722 1644 civitates
743 1583 934 1654 externas;
963 1570 1087 1667 quales
1112 1582 1200 1642 sunt
1229 1569 1355 1665 legati,

309 1683 442 1771 nuntii,
467 1693 631 1778 agentes,
653 1696 692 1756 et
715 1684 869 1773 heraldi,
887 1683 1112 1757 authoritate
1134 1683 1283 1779 publica
1309 1684 1355 1756 de

310 1795 461 1891 negotio
496 1796 643 1891 publico
679 1796 791 1869 missi.
846 1796 920 1870 Qui
950 1807 1074 1869 autem
1107 1795 1155 1868 ad
1186 1795 1356 1869 civitates

309 1919 520 1981 externasa
547 1909 707 1983 civitatis
732 1934 819 1998 suae,
845 1910 1024 1983 seditione
1048 1909 1263 1998 laborantis,
1281 1909 1358 1983 sac-

309 2021 409 2094 tione
427 2022 550 2117 aliqua
562 2021 743 2116 legantur,
758 2047 970 2119 quanquam
980 2023 1120 2119 recepti
1133 2024 1220 2112 sint,
1235 2047 1356 2119 neque

309 2135 467 2208 ministri
483 2135 621 2231 publici
652 2159 772 2230 neque
796 2136 931 2232 privati
957 2148 1065 2220 sunt;
1094 2135 1180 2233 quia
1205 2136 1357 2209 civitate

311 2249 410 2322 missi
421 2273 493 2321 non
508 2261 606 2322 sunt.
658 2250 780 2322 Etiam
794 2250 938 2346 legatus
949 2275 972 2322 a
982 2251 1148 2347 principe
1161 2249 1209 2322 ad
1220 2249 1357 2345 princi·

310 2387 406 2460 pem,
422 2362 703 2458 congratulandi
717 2362 775 2436 vel
793 2362 1013 2436 condolendi
1027 2362 1084 2436 vel
1099 2363 1136 2435 in
1153 2362 1356 2436 festivitate

310 2477 434 2574 aliqua
460 2477 652 2549 assistendi
680 2501 791 2550 causa
819 2477 962 2566 missus,
994 2476 1062 2549 etsi
1093 2477 1356 2549 authoritatem

309 2592 442 2664 haheat
466 2592 663 2687 publicam,
682 2592 769 2688 quia
796 2602 920 2663 tamen
951 2590 1141 2686 negotium
1169 2588 1356 2685 privatum

310 2716 378 2792 est,
397 2704 563 2775 minister
596 2703 765 2798 publicus
800 2727 876 2775 non
910 2716 976 2775 est.
1030 2703 1160 2798 Neque
1188 2702 1357 2774 minister

309 2817 477 2913 publicus
503 2817 533 2888 is
565 2829 632 2904 est,
661 2817 724 2912 qui
751 2815 798 2889 ad
817 2827 984 2887 externas
1012 2816 1179 2888 civitates
1197 2815 1357 2887 mittitur

309 2930 463 3003 consilia
480 2953 606 3001 eorum
625 2929 839 3024 explorandi
859 2952 979 3000 eausa.
1019 2928 1242 3024 Quanquam
1256 2930 1356 3000 enim

311 3058 390 3116 tum
409 3043 612 3115 authoritas
643 3056 722 3114 turn
750 3042 940 3138 negotium
970 3041 1157 3138 publicum
1192 3041 1252 3129 sit,
1270 3041 1358 3137 quia

310 3170 435 3230 tamen
446 3179 641 3252 personam
654 3155 813 3227 civitatis
830 3178 905 3227 non
923 3155 1031 3251 gerit,
1050 3154 1217 3226 minister
1234 3154 1356 3250 priva-

311 3284 371 3342 tus
386 3284 463 3352 est;
484 3280 521 3342 et
540 3270 706 3364 corporis
718 3269 871 3341 humani
882 3269 989 3342 oculo
1004 3269 1208 3364 comparari
1220 3279 1354 3364 potest.

312 3383 548 3456 Consiliarius
567 3394 701 3472 autem,
720 3383 846 3456 sisino
865 3383 1018 3479 imperio
1037 3394 1075 3454 et
1098 3382 1356 3478 jurisdictione

311 3495 356 3567 de
400 3498 509 3568 rebus
544 3496 667 3569 arduis
700 3512 738 3569 et
767 3497 924 3592 publicis
955 3497 1107 3569 habenti
1134 3507 1356 3593 potestatem

311 3633 489 3681 summam
505 3609 695 3681 consilium
709 3620 852 3682 tantum
865 3610 975 3682 dandi
990 3612 1050 3706 jus
1067 3610 1214 3697 habeat,
1230 3609 1357 3682 minis·

311 3736 368 3793 ter
394 3721 562 3817 publicus
593 3745 667 3794 non
697 3735 771 3805 est;
798 3747 918 3819 neque
949 3746 1035 3794 vero
1064 3722 1356 3794 consiliariorum

312 3849 428 3908 coetus
448 3836 536 3930 ipse.
590 3837 792 3908 Consilium
806 3838 902 3908 enim
921 3836 1114 3932 imperanti
1132 3859 1275 3907 summo
1295 3860 1357 3908 co-

311 3973 389 4020 ram
417 3949 496 4043 ipso
516 3948 648 4031 datum
676 3973 869 4044 personam
895 3962 1019 4020 antem
1038 3949 1115 4044 ejus
1134 3972 1258 4020 coram
1276 3948 1356 4042 ipso

311 4074 574 4158 repraesentare
603 4088 711 4134 nemo
740 4075 874 4157 potest.
926 4062 1056 4156 Neque
1084 4063 1122 4133 in
1147 4073 1244 4133 coetu
1277 4061 1357 4155 ipso

311 4201 489 4247 summam
507 4177 666 4249 habente
684 4189 919 4273 potestatem,
930 4175 1026 4247 ullus
1037 4176 1148 4248 homo
1160 4172 1356 4269 singularis

311 4303 368 4361 est
402 4290 568 4361 minister
598 4290 787 4385 publicus;
824 4288 910 4383 quia
939 4312 1047 4360 nemo
1080 4311 1206 4359 eorum
1237 4299 1356 4358 coetus

309 4401 423 4496 ipsius
440 4426 634 4499 personam
651 4404 688 4476 in
704 4418 803 4477 coetu
820 4403 899 4498 ipso
916 4413 1180 4497 repraesentare
1193 4410 1328 4496 potest.
