2926 4980
514 389 567 440 nn
588 389 797 441 murman.
1108 375 1182 454 237

137 552 373 649 impossibile.
437 554 509 626 Ubi
540 580 628 653 ergo
659 568 861 653 potestates
886 557 958 630 illae
986 557 1024 629 in
1055 557 1387 642 eademeap,xxrx‚

136 667 287 740 civitate
305 691 344 739 se
356 676 483 739 mutuo
498 683 702 764 opponunt,
716 672 883 744 imminet
896 683 1075 766 perpetuo
1085 673 1182 767 peri-
1196 674 1367 780 ΒΜ

138 780 262 853 culum
303 805 325 851 a
359 781 456 853 bello
491 784 601 871 civili,
638 785 735 857 unde
769 785 918 858 tandem
953 784 1182 857 dissolvatur.
1194 796 1380 904 qffifeivffiwpn

139 894 355 967 Authoritas
381 896 479 967 enim
506 896 633 986 civilis,
660 924 744 971 cum
770 899 946 972 visibilior
975 898 1074 971 etin
1101 874 1294 1001 lucedundfa
1311 864 1397 1001 aira

138 1007 294 1080 clariore
311 1009 432 1102 posita
449 1010 507 1099 sit,
525 1035 700 1107 magnum
717 1012 764 1085 ad
782 1037 821 1085 se
847 1036 1040 1084 numerum
1065 1011 1182 1083 homi·
1194 991 1324 1035 „ruam
1341 1001 1397 1044 ⁰³¹¹*

140 1144 229 1191 num
254 1118 458 1192 adductura
488 1134 555 1194 est.
618 1124 784 1196 Potestas
817 1134 946 1196 contra
974 1123 1182 1219 spiritualiS,

140 1259 350 1330 quanquam
367 1234 405 1306 in
424 1235 701 1310 distinctionum
719 1237 1020 1311 scholasticarum
1041 1249 1080 1309 et
1102 1261 1184 1309 ver-

139 1349 270 1420 borum
288 1347 379 1419 nihil
397 1347 684 1443 significantium
703 1351 864 1423 tenebris
879 1350 1081 1439 delitescat,
1088 1351 1134 1423 ad
1146 1374 1184 1424 se

141 1485 287 1558 quoque
313 1462 503 1534 hominum
530 1487 723 1536 numerum
750 1465 922 1551 attrahet,
941 1465 1004 1560 qui
1030 1464 1186 1537 sufficiat

140 1575 189 1649 ad
214 1574 447 1663 turbandam,
466 1576 496 1647 si
522 1601 597 1648 non
623 1576 669 1648 ad
696 1576 956 1649 destruendam
983 1577 1184 1660 civitatem3

141 1699 340 1784 propterea
351 1689 448 1784 quod
467 1691 582 1786 magis
600 1701 815 1762 metuuntur
833 1690 980 1786 spiritus
999 1714 1108 1786 quam
1119 1691 1185 1762 ho-

141 1803 270 1875 mines
298 1803 420 1898 Atque
434 1804 531 1875 hunc
550 1803 707 1876 civitatis
726 1805 892 1876 morbum
909 1803 1092 1899 epilepsiae
1110 1802 1185 1876 sive

141 1916 270 1988 morbo
290 1916 439 2000 caduco,
459 1942 531 2013 quo
547 1918 610 2013 qui
621 1918 718 2014 apud
728 1917 877 1990 Judaeos
887 1917 1115 2007 laborabant,
1130 1919 1186 1992 in-

141 2041 200 2100 ter
211 2028 455 2101 daemoniacos
468 2031 766 2119 numerabantur,
779 2055 990 2127 comparare
1003 2032 1101 2105 licet.
1129 2031 1184 2104 Si-

140 2153 206 2213 cut
229 2141 326 2213 enim
350 2142 387 2212 in
412 2142 585 2237 epilepsia
608 2144 755 2239 spiritus
779 2145 854 2216 sive
879 2156 1011 2216 ventus
1037 2144 1185 2238 quidam

140 2256 452 2350 praeternaturalia
470 2256 508 2327 in
526 2257 657 2352 capite,
672 2282 867 2331 nervorum
884 2257 1025 2330 radices
1043 2258 1187 2330 obstru-

144 2391 208 2439 ens
227 2368 513 2464 concutiensque
532 2381 744 2465 motumque
759 2394 885 2442 eorum
902 2370 1106 2442 naturalem
1118 2370 1186 2442 tol—

142 2481 232 2570 lens,
258 2480 350 2568 illos,
374 2481 438 2577 qui
463 2482 534 2554 hoc
561 2483 689 2555 morbo
717 2483 896 2571 laborant,
923 2482 1120 2578 aliquando
1146 2484 1185 2555 in

143 2618 288 2690 aquam,
307 2595 503 2690 aliquando
530 2596 712 2691 inignem
736 2596 908 2689 conjicit;
936 2596 988 2668 ita
1013 2596 1124 2668 etiam
1146 2596 1185 2668 in

144 2731 298 2801 corpore
323 2707 492 2796 civitatis,
516 2708 663 2804 quando
687 2708 853 2779 membra
874 2719 997 2779 movet
1022 2719 1186 2804 potestas

143 2820 341 2915 spiritualis
366 2844 432 2916 per
463 2833 642 2893 terrorem
673 2844 867 2916 poenarum
899 2832 1118 2893 aeternarum
1149 2832 1187 2894 et

143 2956 244 3027 spem
259 2934 494 3028 praemiorum
508 2934 613 3005 aliter
631 2958 737 3029 quam
754 2944 967 3029 apotestate
981 2934 1089 3023 civili,
1104 2959 1187 3031 quae

145 3046 267 3117 anima
285 3045 442 3119 civitatis
469 3057 534 3134 est,
553 3046 690 3117 moveri
708 3045 855 3133 debent,
875 3045 1066 3141 verbisque
1083 3047 1188 3119 novis

144 3169 183 3230 et
207 3160 409 3255 peregrinis
427 3159 652 3232 intellectum
672 3160 838 3248 suffocat,
857 3171 1065 3255 sequentur,
1085 3160 1188 3255 quasi

144 3274 412 3361 convulsiones,
444 3273 594 3346 dissidia
628 3274 791 3355 civium3
832 3273 928 3346 unde
964 3273 1092 3345 civitas
1125 3284 1189 3345 aut

145 3387 408 3459 fluctuantibus
438 3387 581 3482 legibus
609 3387 771 3475 diluitur,
803 3399 867 3459 aut
893 3386 931 3458 in
958 3385 1044 3458 belli
1073 3386 1188 3458 civilis

145 3500 357 3572 incendium
375 3501 581 3595 conjicitur.

196 3614 262 3685 Est
283 3614 394 3685 etiam
417 3613 454 3684 in
479 3613 689 3685 civitatibus
717 3613 912 3708 aliquando
930 3613 1078 3684 morbus
1095 3611 1189 3683 febri

146 3726 315 3799 tertianae
343 3725 622 3820 comparandus,
647 3749 791 3822 nempe,
809 3724 956 3821 quando
983 3725 1069 3797 mali
1092 3725 1188 3797 cives

147 3837 231 3912 odio
258 3839 444 3934 regiminis
469 3839 526 3910 vel
552 3839 726 3934 regentis
752 3838 811 3910 vel
837 3863 880 3910 eo
907 3836 1006 3933 quod
1027 3836 1116 3909 utile
1141 3837 1188 3910 sit

148 3952 236 4047 ipsis
247 3952 381 4024 bellum
394 3950 510 4038 civile,
520 3951 760 4047 pecuniarum
774 3951 1061 4024 necessariarum
1072 3949 1119 4022 ad
1132 3974 1189 4022 sa-

147 4064 262 4137 lutem
280 4063 438 4136 civitatis
455 4089 478 4136 a
489 4065 626 4136 civibus
638 4063 940 4137 conferendarum
955 4064 1189 4136 collationem

148 4177 338 4251 calumniis
357 4177 562 4272 regentium
580 4176 797 4272 impediunt.
851 4177 979 4271 ltaque
1006 4177 1068 4271 qui
1091 4200 1188 4249 sum-

149 4315 247 4364 mam
260 4292 372 4365 habet
387 4301 619 4387 potestatem,
637 4291 803 4387 pecuniae
814 4289 861 4363 ad
874 4289 1085 4363 thesaurum
1095 4290 1188 4386 pub-
