2926 4980
327 343 369 408 14
713 352 767 406 nn
787 350 969 405 aomrna.

138 554 216 605 erp,
229 556 280 605 ru.
374 522 442 595 Est
472 531 596 595 autem
629 521 701 594 hoc
735 520 945 594 scholarum
979 545 1083 618 opus,
1119 545 1200 617 quae
1233 531 1359 593 tamen

112 638 312 756 „mmmm
321 635 533 731 hujusmodi
547 633 733 707 doctrinas
750 634 882 731 saepius
899 645 1130 731 promovent,
1144 659 1254 731 quam
1272 659 1360 707 con-

322 749 456 822 futant.
508 747 724 821 Nescientes
737 747 834 820 enim
844 747 1118 844 imaginationis
1132 759 1169 821 et
1182 748 1360 821 sensionis

324 873 505 946 naturam,
519 859 654 933 docent
667 884 749 957 quae
768 860 987 950 didicerunt,
1003 861 1064 934 alii
1081 860 1360 956 imaginationes

325 976 414 1050 oriri
431 1000 454 1048 a
470 974 608 1071 seipsis,
635 973 747 1047 idest
764 974 843 1046 sine
860 998 981 1063 causa,
1010 974 1072 1047 alii
1089 973 1178 1048 oriri
1199 974 1361 1070 plerum-

326 1112 442 1185 quea
466 1087 680 1171 voluntate;
707 1085 1023 1183 cogitationesque
1047 1087 1163 1159 bonas
1189 1086 1361 1182 inspirari

325 1203 363 1275 in
381 1199 566 1275 hominem
584 1225 607 1273 a
623 1199 713 1288 Deo,
732 1211 769 1272 et
781 1200 895 1272 malas
910 1224 933 1272 a
951 1199 1129 1283 Diabolo;
1148 1200 1207 1272 vel
1220 1199 1361 1296 cogita-

325 1315 444 1389 tiones
465 1316 580 1387 bonas
603 1303 747 1385 infundi
769 1313 807 1384 in
827 1312 1013 1386 hominem
1041 1338 1064 1386 a
1088 1314 1179 1401 Deo,
1201 1314 1315 1386 malas
1338 1338 1361 1386 a

326 1429 492 1502 Diabolo.
545 1426 683 1500 Dicunt
693 1426 766 1514 alii,
782 1449 921 1513 sensus,
940 1451 1021 1499 cum
1036 1427 1220 1524 recipiunt
1237 1451 1361 1499 rerum

325 1541 476 1637 species,
499 1564 560 1613 eas
588 1539 773 1612 communi
797 1539 919 1611 sensui
945 1539 1102 1629 tradere,
1130 1563 1361 1613 communem

325 1678 471 1727 sensum
493 1651 709 1749 phantasiae,
736 1650 966 1747 phantasiam
995 1653 1193 1741 memoriae,
1222 1677 1361 1726 memo-

324 1769 417 1841 riam
431 1766 592 1862 judicio;
619 1764 744 1837 multis
756 1764 876 1837 verbis
892 1765 984 1838 nihil
1000 1765 1158 1862 intelligi
1170 1766 1359 1840 facientes.

376 1877 608 1974 Imaginatio,
626 1899 708 1972 quae
725 1876 764 1948 in
781 1876 929 1948 homine
946 1877 1064 1951 aliove
1082 1879 1230 1952 animali
1246 1903 1270 1951 a
1287 1903 1362 1952 ser·

324 2017 434 2066 mone
444 1991 502 2064 vel
519 1990 598 2064 aliis
613 1988 726 2085 siguis
736 1990 952 2063 voluntariis
965 1992 1141 2081 nascitur,
1156 1993 1362 2089 appellatur

327 2104 565 2186 intellectua,·
609 2103 886 2199 communisque
928 2115 992 2182 est
1028 2106 1237 2179 hominibus
1276 2130 1362 2179 cum

326 2218 465 2292 hestiis.
518 2217 627 2290 Canis
645 2216 755 2306 enim,
782 2218 1048 2290 consuetudine
1074 2218 1216 2306 doctus
1234 2220 1360 2292 vocari

326 2356 366 2407 se
399 2331 457 2403 vel
491 2330 589 2426 abigi
620 2355 644 2404 a
675 2328 825 2403 domino
857 2328 1062 2427 intelliget3
1098 2332 1196 2428 quod
1223 2332 1361 2424 facient

326 2445 439 2519 etiam
456 2444 528 2517 alia
544 2443 660 2517 multa
672 2442 855 2515 animalia.
908 2442 1130 2517 Intellectus
1144 2446 1207 2542 qui
1219 2445 1361 2520 homini
1442 2468 1450 2484 ·

325 2557 519 2656 peculiaris
537 2570 604 2646 est,
623 2568 679 2631 est
697 2555 909 2629 intellectas
927 2580 1003 2629 non
1021 2558 1138 2631 solum
1148 2559 1362 2649 voluntatis,

327 2674 392 2747 sed
422 2672 531 2745 etiam
567 2683 813 2768 conceptuum
841 2681 879 2743 et
910 2670 1175 2766 cogitationum
1206 2672 1362 2745 aliorum

326 2787 527 2870 hominum,
544 2809 611 2881 per
628 2784 792 2882 sequelae
804 2794 842 2855 et
853 2796 1066 2857 contextum
1076 2786 1361 2883 appellationum

327 2924 450 2972 rerum
467 2899 506 2971 in
523 2898 797 2985 affirmationes,
808 2896 1035 2989 negationes,
1047 2898 1209 2993 aliasque
1222 2898 1361 2971 formu-

326 3013 379 3085 las
412 3009 598 3105 loquendi,
634 3007 835 3105 conceptio.
887 3008 1009 3105 Atque
1044 3010 1089 3083 de
1123 3011 1194 3083 hoc
1226 3034 1361 3105 genere

327 3123 539 3199 intellectas
558 3122 720 3195 dicemus
737 3119 844 3192 infra.

744 3375 937 3387 ...un-—

743 3390 939 3406 w

716 3578 876 3651 CAPUT
902 3578 970 3651 Ill.

404 3779 450 3827 DE
469 3778 738 3836 CONSEQUENTIA
756 3778 833 3827 SIVE
852 3777 955 3826 suala:
974 3775 1283 3826 IMAGINATIONUM.

326 3907 410 3980 Pnn
436 3908 568 3980 seriem
590 3905 894 4003 imaginationum
903 3903 1077 3999 'intelligo
1094 3903 1362 3976 successionem

324 4020 433 4093 unius
450 4020 683 4117 cogitationis
700 4019 747 4092 ad
764 4017 894 4100 aliam;
922 4039 1043 4112 quam,
1057 4025 1099 4088 ut
1116 4015 1363 4111 distinguatur

325 4158 348 4206 a
364 4132 530 4205 discursu
546 4133 752 4218 verborum,
770 4128 913 4226 appello
932 4129 1139 4201 discursum
1157 4127 1361 4201 mentalem.

377 4245 534 4321 Quando
545 4245 676 4342 aliquis
687 4244 732 4317 de
746 4268 786 4317 re
797 4266 1014 4340 quacunque
1032 4243 1182 4339 cogitat,
1196 4242 1363 4339 proxima
