2926 4980
330 343 404 412 322
572 359 626 413 nu
647 361 839 417 crvrrarn
859 364 1127 418 cassamus.

144 553 295 607 xxxvm,
330 524 462 623 Igitur
479 526 577 601 sicat
587 553 664 627 per
681 531 790 604 anias
807 530 983 606 delictam
1001 533 1040 606 in
1057 557 1181 606 omnes
1202 533 1373 609 tanim

119 638 613 764 „affleondemnatim
644 645 700 718 sic
716 653 754 718 et
769 670 842 743 per
859 647 967 719 anias
974 646 1169 742 justitiam
1187 646 1227 720 in
1244 672 1372 723 omnes

117 782 185 879 {25⁰²
200 772 283 850 uam
294 774 318 850 {n
330 750 495 826 homines
502 755 733 851 justificatio
750 757 860 830 oitae:
893 767 907 831 l
930 757 1013 832 Cor.
1027 784 1087 834 xv.
1101 768 1162 849 21,
1177 769 1247 834 22:
1277 760 1372 834 Cam

117 838 318 956 animm
328 866 477 965 quidem
486 892 563 966 per
580 868 757 944 hominem
773 896 884 961 mors,
902 882 940 945 et
950 896 1028 970 per
1045 872 1222 946 hominem
1239 897 1372 946 resar-

327 980 448 1054 rectia
466 991 717 1057 mortuoram:
741 994 779 1057 at
796 985 895 1059 sicat
917 985 955 1059 in
975 985 1098 1059 Adam
1115 1011 1237 1059 omnes
1254 986 1370 1060 mori-

328 1103 469 1177 entum
504 1095 561 1168 ita
590 1105 629 1168 et
663 1097 703 1170 in
735 1095 888 1170 Christo
914 1122 1036 1170 amnes
1068 1097 1370 1192 vivificabantur.

328 1206 438 1281 Quod
464 1209 599 1282 attinet
625 1209 673 1282 ad
704 1210 837 1300 locum,
868 1211 907 1284 in
934 1236 1007 1308 quo
1035 1211 1112 1285 vita
1138 1211 1201 1284 illa
1226 1224 1371 1288 aeterna

325 1318 491 1394 homines
520 1321 668 1396 fruituri
702 1335 799 1415 sunt,
828 1325 901 1398 duo
934 1326 988 1398 illi
1015 1325 1214 1422 Scripturae
1243 1337 1369 1402 textas

325 1431 530 1528 significare
549 1435 719 1510 videntur
735 1437 814 1511 fore
832 1438 953 1512 locum
971 1438 1130 1511 illumin
1148 1449 1258 1512 terra.
1309 1441 1368 1513 Si·

325 1545 473 1642 quidem
503 1549 601 1621 enim
624 1550 784 1646 perdidit
806 1551 968 1625 Adamas
996 1551 1219 1640 Paradisum,
1247 1563 1286 1625 et
1311 1554 1368 1626 vi·

324 1674 401 1732 tam
424 1659 497 1733 illic
520 1672 717 1748 aeternam3
745 1665 955 1738 Paradisum
981 1675 1018 1737 et
1033 1665 1147 1738 vitam
1164 1665 1238 1738 illic
1256 1677 1367 1740 aeter-

323 1798 410 1848 nam
451 1775 683 1852 credentibus
716 1778 756 1851 in
781 1779 901 1876 ipsum
928 1778 1094 1852 Christus
1123 1781 1367 1874 recuperavit,

324 1911 394 1961 nec
411 1888 531 1963 aliam.
594 1890 662 1964 Cui
685 1891 862 1966 doctrina
883 1915 1085 1988 congruere
1102 1890 1248 1964 videtur
1265 1892 1366 1988 quod

324 2000 415 2074 dicit
442 2002 635 2077 Psalmista
663 2003 771 2098 (Psal.
794 2005 939 2078 cxxxiii.
964 2003 1029 2098 3):
1071 2003 1266 2094 Dominus,
1297 2006 1366 2103 qai

309 2113 418 2211 fecit
435 2114 549 2189 calm
560 2126 598 2189 et
614 2127 768 2207 terram,
786 2116 981 2192 benedicat
999 2116 1070 2191 tibi
1086 2142 1107 2190 e
1124 2117 1247 2190 Zion:
1273 2118 1365 2192 alio-

324 2227 388 2323 qui
405 2227 568 2317 dixisset,
586 2227 781 2304 benedicat
799 2230 904 2304 tidie
921 2229 1027 2304 coelo.
1065 2231 1159 2304 Item
1175 2231 1198 2303 J
1200 2230 1365 2306 ohannes

321 2340 451 2438 (Apoc.
473 2342 510 2415 ii.
534 2344 594 2436 7):
632 2340 694 2415 illi
723 2343 788 2440 qai
816 2343 944 2433 vincit,
973 2342 1069 2416 dabo
1097 2342 1289 2417 comedere
1315 2370 1364 2419 ea

307 2453 451 2549 fracta
474 2453 625 2528 arboris
649 2455 747 2544 nita,
765 2480 848 2553 qna
876 2465 934 2528 est
964 2455 1003 2528 in
1029 2454 1149 2528 medio
1176 2455 1365 2530 Paradisi

322 2567 400 2640 Dei
412 2595 426 2639 .·
453 2591 534 2664 qnae
565 2569 675 2642 arbor
701 2568 844 2642 Adnmo
873 2569 983 2642 arbor
1010 2568 1097 2642 vitre
1124 2579 1215 2657 erat,
1234 2569 1300 2642 sed
1324 2571 1364 2644 in

321 2692 431 2753 terra
484 2679 586 2753 Idem
613 2681 821 2754 confirmari
844 2682 988 2755 videtur
1004 2705 1028 2754 a
1042 2682 1211 2755 Johanne
1228 2682 1362 2779 (Apoc.

320 2794 395 2867 xxi.
407 2804 443 2882 2,
455 2792 494 2888 3)
511 2822 519 2865 ι
538 2793 593 2866 Et
607 2818 678 2891 ego
689 2793 879 2866 dohannes
892 2792 971 2867 aidi
984 2803 1153 2866 sanctam
1170 2793 1362 2869 civitatem

321 2905 531 2980 Jerusalem
562 2931 690 2979 nonam
716 2905 996 2980 descendentem
1024 2904 1247 2994 decadae
1275 2907 1361 2981 Deo

315 3029 497 3118 paratam
520 3019 620 3092 sicat
640 3044 815 3117 sponsam
833 3028 1004 3091 ornatam
1020 3018 1102 3091 aino
1120 3044 1186 3090 sna
1196 3043 1213 3101 ,·
1238 3030 1276 3093 et
1293 3047 1361 3094 aa·

319 3133 399 3206 dini
415 3157 537 3205 vocem
554 3155 726 3229 magnam
745 3132 792 3205 de
809 3131 942 3204 throno
957 3130 1149 3220 dicentem,
1172 3131 1275 3206 Ecce
1301 3143 1362 3206 ta·

319 3243 555 3319 bernacnlam
569 3244 646 3317 Dei
660 3269 740 3318 cam
757 3243 961 3317 hominibus
971 3251 988 3317 t
1014 3244 1058 3317 Id
1078 3254 1143 3332 est,
1157 3246 1360 3338 Jerusalem

317 3383 424 3448 nova,
447 3359 485 3431 in
512 3382 585 3454 qna
608 3370 665 3431 est
688 3359 798 3432 Mons
818 3358 921 3447 Zion,
939 3381 1070 3454 nempe
1097 3358 1198 3430 locus
1224 3359 1360 3432 electo-

318 3496 413 3562 rum,
428 3471 617 3545 descendit
634 3471 672 3544 in
689 3483 836 3546 terram.
888 3472 982 3545 Item
995 3470 1116 3566 angeli
1134 3470 1207 3544 dno
1223 3470 1262 3543 in
1277 3496 1359 3546 ves-

316 3585 480 3659 timentis
498 3585 589 3658 albis
608 3585 735 3660 dicunt
754 3585 854 3680 (Act.
873 3587 897 3659 i.
920 3586 980 3679 ll)
996 3613 1005 3656 ι
1024 3584 1105 3656 Hic
1122 3583 1219 3656 idem
1233 3584 1358 3675 lesus,

316 3699 382 3797 qai
395 3707 608 3794 assumptas
621 3707 680 3770 est
698 3699 736 3771 in
754 3698 897 3788 coelnm,
913 3698 970 3771 ita
986 3697 1109 3771 veniet
1126 3696 1226 3770 sicut
1238 3698 1357 3771 aidis-

317 3811 369 3883 tis
386 3811 507 3908 ipsam
524 3810 755 3884 ascendere:
795 3836 876 3907 quae
898 3811 1011 3883 verba
1033 3811 1085 3883 ita
1110 3821 1241 3884 sonant
1264 3836 1308 3884 ac
1325 3813 1356 3886 si

316 3924 504 4013 dixissent,
516 3934 712 3997 venturum
729 3947 808 3996 esse
826 3925 874 3997 ad
891 3924 1067 4021 populum
1080 3924 1150 3997 Dei
1165 3924 1281 3998 Patris
1300 3927 1356 4000 sui

315 4039 516 4135 regendum
529 4038 589 4110 hic
605 4068 614 4121 ;
642 4060 716 4110 non
740 4039 841 4133 quasi
856 4039 936 4111 illos
950 4039 988 4111 in
1006 4037 1100 4111 coelo
1118 4038 1299 4133 regendos
1316 4039 1355 4112 in

315 4153 448 4225 coelum
466 4152 673 4225 sublaturus
690 4161 808 4235 esset;
835 4152 933 4247 quod
950 4152 1061 4225 etiam
1077 4153 1182 4248 regni
1201 4153 1270 4226 Dei
1288 4154 1354 4226 sub

314 4263 418 4338 Mose
436 4265 596 4339 instituti
609 4264 832 4339 restitutioni
848 4277 1134 4340 consentaneum
1151 4279 1217 4341 est.
1257 4267 1353 4363 Reg-
