2926 4980
500 394 553 445 nn
573 394 781 445 crvrrn‘rn.
1099 374 1167 452 187

119 585 191 634 usu
204 564 376 634 concives
389 585 474 635 suos
487 587 614 636 omnes
627 564 912 660 prohiberejure
923 561 1040 659 possit
1057 592 1065 644 ;
1093 584 1168 632 non
1192 592 1269 641 etp,
1282 590 1380 638 xxiv.

121 685 246 747 autem
263 687 306 746 ut
325 698 410 747 eum
436 676 618 765 excludat,
638 678 701 772 qui
719 701 899 749 summam
915 676 1028 748 habet
1045 684 1167 770 potes·
1183 675 1359 783 „effi

120 800 250 875 tatem,
269 789 345 860 sive
361 789 394 860 is
425 800 541 862 coetus
563 790 621 878 sit,
640 791 715 862 sive
738 790 849 862 homo
875 812 981 861 unus
1045 787 1169 860 Habet
1182 801 1376 878 cultatenuptiv·

121 901 222 973 enim
241 901 272 972 is
289 912 511 997 potestatem
535 903 648 975 totius
666 903 837 990 civitatis,
857 914 893 974 et
910 894 1027 974 terras'
1045 901 1169 973 distri·
1182 873 1343 927 ‘mmmm

122 1014 259 1102 buisse,
276 1025 370 1087 utet
387 1014 459 1087 elia
476 1016 600 1088 omnia
615 1016 754 1106 fecisse,
774 1017 813 1089 in
830 1015 957 1089 ordine
975 1015 1022 1088 ad
1039 1038 1169 1110 pacem

124 1136 163 1198 et
179 1127 319 1198 bonurn
336 1127 495 1200 civitatis
513 1128 772 1223 intelligendus
791 1139 857 1201 est.
911 1128 1011 1202 Quin
1025 1150 1169 1199 monar-

123 1240 197 1312 cha
212 1239 271 1311 vel
289 1252 407 1312 coetus
424 1263 586 1313 summus
610 1241 730 1313 facere
753 1243 869 1314 multa
893 1241 1010 1336 possit
1040 1253 1170 1312 contra

123 1354 263 1426 bonum
288 1376 420 1436 suum;
447 1353 557 1425 etiam
585 1364 714 1426 contra
731 1378 834 1427 suam
852 1354 963 1449 ipsius
981 1354 1169 1425 conscien-

124 1467 229 1556 tiam,
248 1466 499 1539 contrafidem
512 1467 647 1558 datam,
659 1480 696 1540 et
714 1480 842 1540 contra
852 1467 951 1563 leges
961 1466 1169 1550 naturales;

125 1602 203 1651 non
220 1581 454 1673 negaverim:
482 1580 545 1652 sed
566 1591 607 1653 ut
626 1581 673 1653 ob
692 1605 772 1652 eam
792 1604 939 1653 causam
954 1581 1051 1652 cives
1068 1604 1171 1653 arma

125 1703 258 1763 contra
273 1714 356 1763 eum
375 1715 529 1780 sumere,
540 1708 604 1766 aut
617 1693 865 1782 reumfacere,
877 1703 941 1765 aut
952 1716 1171 1789 quocunque

124 1805 239 1878 modo
257 1805 352 1877 male
371 1805 417 1877 de
443 1830 487 1878 eo
515 1807 636 1879 dicere
666 1820 832 1902 possunt,
850 1805 1061 1902 negandum
1092 1817 1169 1888 est;

124 1928 324 2012 propterea
363 1918 463 2013 quod
497 1920 672 2007 omnium,
708 1943 790 2014 quae
823 1918 964 2007 fecerit,
999 1918 1172 1991 authores

124 2030 264 2126 singuli
280 2030 447 2104 fecerunt
467 2033 616 2126 seipsos.

177 2145 223 2217 In
241 2144 501 2218 distributione
518 2162 712 2235 terrarum,
730 2157 873 2243 partem
886 2145 956 2218 sibi
969 2145 1050 2240 ipsi,
1064 2169 1173 2240 quam

124 2259 231 2346 velit,
249 2283 435 2332 reservare
453 2273 576 2355 potest
593 2273 630 2333 et
648 2261 768 2332 colere
780 2261 841 2356 qui
855 2283 995 2333 summe
1006 2260 1173 2353 imperat,

127 2373 227 2444 sicut
244 2396 340 2445 unus
358 2397 404 2445 ex
421 2374 571 2447 civibus.
601 2376 750 2450 Quanta
762 2385 884 2447 autem
896 2397 1040 2469 cunque
1053 2373 1173 2467 portio

126 2485 192 2557 ille
210 2486 269 2575 sit,
286 2486 335 2558 ad
353 2510 465 2558 onera
487 2488 647 2559 civitatis
668 2488 791 2559 omnia
821 2486 1034 2559 sustinenda
1060 2497 1098 2556 et
1127 2485 1174 2557 ad

128 2598 295 2694 ejusdem
310 2598 559 2672 defensionem
573 2601 739 2672 sufficere
750 2624 826 2672 non
839 2599 1036 2672 tenebitur.
1075 2599 1174 2671 Talis

129 2713 231 2784 enim
249 2724 304 2785 est
317 2723 450 2783 nutura
464 2713 667 2801 hominum,
678 2725 720 2785 ut
731 2726 917 2785 certorum
928 2736 1099 2807 agrorum
1116 2712 1174 2784 vel

129 2840 319 2898 certorum
332 2826 516 2898 redituum
530 2827 709 2921 possessio
721 2826 859 2898 inutilis
871 2839 977 2914 esset,
993 2825 1174 2897 tenderet-

129 2963 204 3034 que
214 2939 262 3011 ad
273 2939 549 3012 dissolutionem
562 2940 731 3013 civitatis.
760 2939 876 3012 Simul
889 2940 1041 3011 enimac
1054 2951 1174 3034 potes-

130 3065 191 3124 tas
203 3052 394 3124 summain
405 3077 535 3125 manus
547 3055 689 3125 veniret
699 3052 757 3124 vel
768 3052 1039 3124 monarchaevel
1046 3063 1172 3139 coctus,

132 3167 196 3261 qui
210 3165 404 3261 pecuniam
422 3165 608 3261 publicam
624 3166 870 3261 negligentius
883 3165 1098 3252 custodiret,
1110 3177 1173 3236 aut

132 3279 196 3373 qui
218 3278 404 3350 civitatem
430 3288 567 3350 temere
592 3279 630 3350 in
657 3279 766 3350 nimis
793 3278 944 3374 longum
972 3289 1036 3349 aut
1065 3277 1174 3349 nimis

132 3402 388 3487 sumptuosum
399 3391 535 3463 bellum
547 3392 757 3488 conjiceret,
771 3392 899 3464 civitas
911 3392 1058 3487 periret.
1077 3391 1175 3463 Diae-

131 3518 210 3578 tam
220 3506 491 3599 nonpatiuntur
501 3505 679 3578 civitates.
698 3505 791 3577 Cum
802 3507 899 3578 enim
910 3517 1075 3600 sumptus
1084 3505 1176 3600 pub·

132 3619 225 3691 licus
241 3642 316 3691 non
330 3619 375 3690 ab
390 3618 550 3713 ipsorum
561 3619 762 3708 voluntate,
775 3620 840 3692 sed
850 3622 896 3692 ab
907 3619 1068 3692 externis
1079 3618 1175 3690 ecci-

134 3732 305 3804 dentibus
322 3745 361 3803 et
381 3731 569 3804 voluntate
586 3734 791 3807 vicinorum
811 3734 1029 3807 terminatus
1053 3733 1110 3820 sit,
1129 3732 1175 3804 ab

133 3845 264 3917 iisdem
275 3846 387 3917 etiam
399 3845 541 3917 definiri
555 3846 691 3919 debent
703 3847 838 3920 divitiae
852 3848 1018 3943 publicae.
1047 3847 1176 3941 ltaque

135 3958 274 4031 civitati
292 3958 439 4031 divitias
458 3971 576 4031 certas
594 3961 791 4055 assignare,
810 3985 900 4056 quus
918 3961 979 4056 qui
997 3983 1176 4030 summam

134 4071 246 4144 habet
270 4082 491 4166 potestatem
515 4074 672 4146 vendere
689 4075 748 4146 vel
766 4074 863 4147 dono
889 4075 975 4146 dare
993 4074 1120 4169 possit,
1139 4086 1176 4146 et

135 4184 262 4257 vendit
280 4184 466 4280 donatque
485 4185 693 4281 aliquando,
707 4187 844 4260 frustra
861 4201 927 4260 est.

186 4298 245 4370 Ad
261 4299 417 4371 eandem
448 4325 626 4374 summam
657 4312 877 4396 potestatem
904 4303 1064 4396 pertinet
1095 4326 1176 4398 quae
