2926 4980
318 388 390 459 m
561 390 615 447 nn
632 382 826 443 cremara
845 376 1109 434 curramus.

144 620 185 667 W
208 612 280 665 „a
318 590 382 649 tur
437 566 515 639 No*
530 552 778 659 Querulum
795 559 942 620 tantum
959 558 1132 642 tempore,
1156 541 1357 616 sedetiam

112 638 143 723 t}
196 706 207 729 ἱ
243 642 266 721 ι·
317 704 457 789 Μὴ.
473 696 590 773 „W
604 664 652 743 ad
665 678 832 757 tempora
848 661 1109 757 imperatorum
1122 656 1355 730 Christiano-

132 764 157 799 ”“
169 852 172 859 ,
185 766 279 867 ζζζξῗ.
318 820 413 877 tom„
427 780 588 893 ,panteni
606 788 842 877 pastoresque
860 774 1034 847 alimenta
1055 795 1121 846 sna
1142 770 1356 844 babuerunt

316 940 339 989 ,a
355 890 685 987 ,austerioribus
701 885 866 959 fidelium
878 886 1105 960 voluntariis.
1131 884 1187 956 De
1200 881 1356 956 decimis

323 1038 436 1095 maun
455 1006 593 1089 merulo
610 1002 788 1075 bnctenns
805 999 918 1074 nulla.
971 1002 1019 1074 Et
1036 1021 1242 1097 quanquam
1258 996 1356 1070 Cou-

315 1126 464 1211 xnuannn
483 1120 710 1209 alienumque
731 1114 809 1207 ejus
831 1114 1059 1210 temporibus
1081 1111 1244 1185 fidelium
1265 1133 1356 1206 ergo

315 1260 478 1337 psus-res
502 1252 587 1305 snos
608 1225 866 1299 benevolentia
888 1239 993 1300 tauta
1010 1237 1115 1311 esset,
1130 1237 1173 1297 ut
1189 1222 1355 1295 Ammia-

313 1342 383 1437 ω
414 1341 647 1425 nanninus
668 1338 763 1430 (lib.
782 1339 894 1412 xxvii.
914 1344 953 1432 3)
982 1340 1197 1413 seditionem
1227 1336 1354 1410 Chris-

312 1484 495 1549 tianorum
512 1455 611 1529 circa
626 1451 846 1525 electionem
864 1452 1014 1526 Damasi
1032 1452 1253 1538 describam,
1271 1449 1353 1546 dig-

312 1600 398 1661 runn
412 1596 490 1649 rinc
503 1566 637 1641 dixerit
648 1566 901 1662 episcopatum
919 1567 1035 1655 illum,
1047 1566 1092 1640 de
1110 1588 1182 1662 quo
1199 1575 1353 1637 conten-

309 1692 480 1769 rlurnlnn
507 1691 703 1778 propterea
731 1679 831 1775 quod
857 1681 1019 1776 episcopi
1037 1704 1081 1754 eo
1097 1691 1261 1775 tempore
1287 1701 1354 1774 per

311 1796 566 1881 lilunrlitatem
588 1793 645 1865 sni
672 1792 826 1889 quisque
842 1796 978 1891 gregis,
997 1796 1179 1892 praecipne
1195 1818 1261 1891 per
1288 1795 1354 1867 be-

311 1912 530 2007 rrlunitutem
556 1920 821 1995 matronarum,
848 1910 1011 1983 vixerint
1037 1908 1237 2006 splendide,
1269 1933 1353 1981 cur-

311 2026 410 2103 ribus
436 2018 772 2107 circumferrentur,
793 2035 832 2094 et
859 2036 1074 2118 sumptuose
1104 2032 1293 2095 coenarent
1316 2033 1355 2095 et

308 2136 567 2217 arrricirentur3
605 2133 650 2206 de
687 2134 837 2208 decimis
869 2151 995 2209 tamen
1024 2135 1242 2210 contributis
1268 2158 1355 2207 nus·

309 2272 420 2349 rrrrrrm
438 2246 584 2342 legitur.

360 2363 511 2435 Quaeret
540 2360 601 2433 hic
627 2360 781 2434 fortasse
807 2363 950 2459 aliquis,
969 2389 1016 2437 an
1042 2377 1207 2459 pastores
1231 2362 1355 2436 vivere

309 2488 399 2551 tnnc
416 2497 461 2545 ex
480 2474 816 2549 contributionibus
827 2490 864 2549 et
878 2478 1119 2575 eleemosynis
1136 2477 1355 2551 voluntariis

307 2587 587 2680 obligarentur;
632 2589 716 2684 quic
753 2590 859 2678 enim,
896 2589 987 2663 dicit
1023 2592 1180 2663 Sanctus
1221 2591 1355 2664 Paulus

310 2704 343 2793 (l
362 2699 445 2771 Cor.
460 2700 508 2770 ix.
525 2704 579 2791 7),
594 2700 735 2775 militar
750 2703 926 2800 propriis
943 2703 1145 2801 stipendiis
1163 2709 1352 2799 unquam?

309 2813 402 2899 Quia
421 2811 581 2910 plantat
607 2813 762 2899 vitream,
776 2824 814 2886 et
833 2815 880 2887 de
889 2816 1031 2912 fructu
1050 2818 1131 2910 ejus
1148 2839 1218 2887 non
1237 2816 1354 2888 edit?

305 2927 385 2999 Aac
400 2926 484 3022 quis
508 2927 641 3023 poscit
662 2952 836 3025 gregem,
854 2938 891 2999 et
920 2928 967 3000 de
992 2928 1093 3000 lactc
1116 2928 1256 3027 gregia
1283 2953 1354 3001 non

306 3038 414 3110 edit?
459 3038 507 3110 Et
526 3062 651 3111 rursus
666 3040 796 3131 (lCor.
809 3040 857 3112 iu.
875 3049 930 3128 13,
949 3043 1024 3131 14);
1042 3044 1101 3111 Aa
1113 3041 1353 3128 nescitiaear,

305 3151 371 3248 qni
400 3153 523 3224 sacris
554 3163 772 3249 operantur,
795 3178 853 3241 eo,
872 3177 953 3248 quoe
978 3178 1025 3225 ea
1053 3152 1227 3226 sacrario
1255 3165 1354 3238 aunt,

305 3264 419 3337 edere
434 3270 455 3337 9
472 3265 528 3339 Et
546 3267 612 3361 qni
629 3266 749 3338 (altari
764 3267 946 3352 assident,
959 3292 1037 3339 cum
1055 3266 1177 3339 ultori
1188 3267 1353 3364 partici-

300 3382 436 3472 pare?
508 3379 572 3451 lta
603 3379 715 3451 etiam
746 3378 926 3450 Dominus
961 3379 1155 3452 conatitnit
1192 3379 1252 3467 iis,
1286 3379 1353 3476 qui

305 3489 537 3586 enarrgelittm
564 3491 797 3578 annuentium,
833 3501 872 3561 ut
907 3516 953 3563 cx
989 3492 1187 3589 cvangelio
1213 3493 1350 3565 cicant.

306 3602 361 3674 Ex
379 3626 452 3697 quo
479 3602 626 3698 quidem
644 3603 737 3692 loco,
756 3616 921 3698 pastores
945 3605 1109 3678 ecclcsiae
1132 3630 1155 3677 a
1180 3606 1353 3701 gregibus

304 3716 380 3790 suis
403 3716 553 3789 alendos
571 3741 649 3789 esse
667 3716 793 3789 inferri
819 3730 918 3790 recte
947 3730 1093 3814 potest;
1121 3743 1195 3791 non
1228 3729 1353 3791 autem

305 3843 348 3903 ut
365 3830 609 3926 quantitatem
633 3843 697 3902 aut
723 3854 840 3926 genus
858 3831 1117 3906 alimentorum
1136 3832 1205 3929 ipsi
1225 3831 1353 3904 defini-

305 3956 400 4032 rent,
419 3954 483 4015 ant
500 3967 567 4016 sno
586 3943 738 4015 arbitrio
757 3943 953 4038 quicquam
972 3957 1169 4017 sumerent.
1214 3944 1352 4016 Neces-

306 4058 441 4130 sarium
459 4081 547 4152 ergo
566 4067 632 4145 est,
651 4069 693 4128 nt
717 4068 782 4128 aut
804 4082 827 4129 a
852 4057 1079 4153 singulorum
1106 4058 1352 4131 contributio-

306 4172 425 4259 uibus,
444 4185 507 4242 aut
525 4172 570 4242 ab
595 4170 750 4243 ecclesia
766 4182 809 4241 nt
827 4195 984 4265 persona
1002 4194 1087 4260 una,
1107 4171 1349 4244 nutrirentur.

306 4285 364 4358 Ab
382 4284 536 4357 ecclesia
552 4282 632 4356 fieri
648 4283 719 4356 hoc
745 4308 819 4356 uon
845 4284 980 4378 potnit,
999 4284 1085 4380 qnia
1111 4295 1195 4356 acta
1222 4307 1348 4355 eorum

306 4400 405 4494 leges
422 4421 496 4469 uon
515 4408 631 4469 erant.
659 4397 833 4491 Sequitur
847 4420 935 4492 ergo
950 4407 1141 4492 pastorum
1161 4396 1348 4484 alimenta,
