2926 4980
330 317 399 383 122
727 334 781 385 on
800 334 984 386 nonnus.

134 525 284 578 cnaxv.
323 511 392 572 est.
444 499 575 572 Ethica
600 510 723 573 autem
748 500 918 575 alienon
934 514 1002 593 est,
1019 513 1156 599 praeter
1173 503 1365 578 scientiam
1416 508 1418 512 ’

139 608 283 726 ὦ
323 638 450 687 earum
467 637 590 686 rerum
608 639 690 710 quae
708 615 746 687 in
772 617 1028 712 congressibus
1054 629 1092 690 et
1108 618 1286 691 societate
1302 618 1367 690 ho-

138 739 224 780 „aaa
234 734 289 778 ¹¹11*
324 727 463 800 minum
480 729 588 801 bonae
602 728 660 800 vel
672 728 779 801 malae
796 738 893 801 sunt.
931 729 1045 802 Bonae
1063 742 1188 802 autem
1205 743 1243 803 et
1260 730 1366 803 malae

324 838 496 913 dicuntur
514 840 653 914 eaedem
670 866 728 915 res
745 867 768 915 a
785 842 937 916 diversis
963 843 1188 931 hominibus,
1213 854 1365 940 propter

322 953 512 1026 hominum
541 955 738 1050 appetitus,
764 955 983 1043 aversiones,
1010 956 1307 1045 consuetudines,
1326 968 1364 1030 et

323 1065 509 1140 doctrinas
523 1066 684 1141 diversas
702 1067 842 1141 diverse
856 1099 866 1151 ;
893 1080 931 1141 et
941 1069 1160 1165 quandoque
1174 1069 1365 1142 abeodem

324 1179 486 1269 homine,
502 1192 653 1277 propter
670 1183 911 1254 mutationem
928 1183 1140 1272 voluntatis,
1159 1182 1287 1257 eadem
1304 1208 1364 1258 res

226 1321 227 1325 ¹
323 1293 433 1366 modo
452 1295 549 1367 bona
565 1294 675 1368 modo
693 1294 790 1367 mala
805 1296 1022 1391 appellatur.

373 1405 464 1478 Inde
478 1417 600 1480 autern
617 1407 785 1481 oriuntur
796 1407 1073 1503 disputationes
1091 1410 1363 1500 controversiae,

323 1531 361 1591 et
378 1519 527 1592 tandem
544 1520 693 1593 bellum.
746 1519 933 1593 Quamdiu
950 1544 1037 1617 ergo
1051 1521 1216 1594 homines
1228 1522 1363 1617 privati

322 1633 410 1706 boni
436 1647 474 1707 et
499 1635 585 1706 mali
611 1658 820 1707 mensuram
845 1634 998 1722 faciunt,
1027 1635 1169 1708 tamdiu
1195 1635 1362 1708 homines

322 1757 408 1820 sunt
425 1746 463 1819 in
480 1747 691 1820 conditione
703 1747 790 1820 belli
808 1747 972 1820 omnium
986 1760 1116 1821 contra
1129 1770 1267 1820 omnes.
1295 1749 1362 1820 Pa-

321 1883 402 1933 cem
420 1884 507 1957 ergo
524 1862 659 1934 bonam
673 1883 752 1933 esse
771 1861 1005 1949 confitentur,
1023 1871 1266 1957 quaerrmtque
1283 1885 1362 1933 om-

320 1997 397 2046 nes.
452 1976 581 2071 Itaque
599 1975 721 2047 media
738 1974 786 2048 ad
802 1997 932 2070 pacem
949 1973 1155 2046 necessaria
1171 1975 1270 2047 bona
1282 1997 1361 2048 esse

320 2089 448 2184 negari
461 2113 534 2163 non
552 2101 688 2185 potest.
740 2087 835 2160 Sunt
851 2099 974 2161 autem
989 2087 1061 2173 illa,
1074 2088 1231 2183 justitia,
1248 2086 1361 2183 grati-

318 2201 423 2290 tudo,
449 2202 640 2291 modestia‚
655 2202 820 2298 aequitaa
846 2211 885 2273 et
908 2211 1051 2273 caeterae
1077 2200 1181 2296 leges
1206 2213 1360 2273 naturae.

320 2316 425 2388 Bona
451 2316 565 2411 igitur
592 2314 744 2388 moralia
769 2324 867 2402 sunt,
893 2313 933 2386 id
958 2325 1026 2402 est,
1043 2314 1220 2398 virtutes3
1248 2314 1361 2387 ethis

319 2429 627 2517 contrariamala,
645 2428 768 2517 idest,
788 2427 886 2501 vitia.
952 2427 1114 2500 Scientia
1138 2439 1264 2499 autem
1288 2428 1361 2500 vir-

319 2554 441 2615 tutum
451 2553 491 2615 et
504 2541 678 2614 vitiorum
689 2551 744 2613 est
754 2540 986 2636 philosophia
995 2541 1154 2613 moralis.
1182 2540 1361 2613 Doctrina

318 2678 406 2750 ergo
424 2654 470 2726 de
483 2654 625 2750 legibus
639 2667 782 2727 naturae
792 2677 880 2725 vera
897 2665 954 2726 est
971 2652 1102 2726 ethica.
1157 2652 1361 2749 Scriptores

318 2768 441 2856 ethici,
461 2768 531 2840 etsi
548 2767 695 2841 easdem
718 2777 922 2864 agnoscant
935 2766 1091 2839 virtutes
1105 2776 1217 2861 atque
1231 2767 1359 2839 eadem

317 2880 419 2970 vitia,
449 2882 485 2953 in
518 2906 591 2977 quo
625 2893 750 2955 tamen
778 2880 946 2955 consistit
971 2881 1116 2953 bonitas
1144 2880 1292 2953 virtutis
1322 2892 1360 2953 et

318 3017 430 3088 quare
447 2993 640 3067 laudabilis
658 2994 798 3066 sitnon
815 2993 992 3082 videnteS,
1008 2993 1163 3066 virtutes
1176 2993 1266 3066 olias
1283 3018 1359 3067 non

309 3098 550 3201 'agnoverunt
575 3130 686 3202 quam
705 3108 903 3203 passiones,
922 3105 987 3179 sed
1003 3106 1227 3191 mediocres;
1256 3108 1360 3203 quasi

315 3220 507 3310 fortitudo,
522 3244 596 3293 non
614 3243 725 3293 causa
742 3219 808 3292 sed
821 3218 958 3315 gradus
971 3217 1151 3291 audendi:
1178 3230 1216 3291 et
1226 3219 1358 3293 libera-

315 3333 413 3421 litas,
431 3358 507 3406 non
526 3357 636 3406 causa
653 3332 720 3405 sed
732 3333 917 3429 quantitas
935 3331 1013 3405 dati
1033 3344 1142 3405 esset.

364 3447 575 3521 Dictamina
591 3447 671 3520 haec
688 3447 840 3520 rationis
858 3469 993 3520 nomen
1011 3445 1159 3541 quidem
1184 3445 1358 3518 obtinue-

314 3572 402 3634 runt
418 3561 553 3657 legum,
584 3561 649 3634 sed
677 3560 878 3657 improprie
904 3560 1097 3632 dictorum.
1151 3560 1245 3633 Sunt
1259 3560 1357 3632 enim

314 3673 360 3747 de
375 3675 419 3747 iis
437 3676 558 3763 rebuS,
577 3698 660 3770 quae
673 3674 720 3747 ad
735 3674 1054 3747 conservationem
1064 3672 1256 3745 hominum
1269 3697 1356 3746 con-

314 3787 465 3877 ducunt,
490 3798 635 3861 tantum
662 3787 901 3860 theoremata.
954 3786 1029 3857 Lex
1055 3795 1191 3876 autem,
1208 3786 1356 3882 proprie

313 3902 423 3989 dicta,
454 3913 510 3974 est
525 3925 598 3975 vox
617 3899 843 3997 imperantis,
869 3900 928 3972 vel
952 3898 1096 3995 prolata
1118 3898 1176 3972 vel
1204 3900 1354 3995 scripta,

311 4014 365 4087 ita
389 4027 432 4087 ut
458 4038 597 4103 omnm,
616 4013 680 4110 qui
697 4012 847 4086 obedire
864 4022 1049 4101 tenentur,
1077 4011 1197 4086 sciant
1222 4037 1352 4087 vocem

312 4130 390 4223 ejus
406 4151 495 4201 esse,
