2926 4980
519 325 573 376 nn
594 326 776 378 aomrns.
1123 313 1170 393 27

119 485 320 562 scientiam
335 514 462 564 veram
480 493 612 584 tendit,
630 496 827 569 authorum
845 495 1095 591 antiquiorum
1110 497 1175 570 de-
1213 537 1290 587 cqp,
1302 536 1350 586 lv,

107 601 314 694 finitiones
338 606 563 697 examinare,
580 608 902 705 negligentiusque
919 610 1075 706 scriptas
1093 635 1175 684 cor·
1209 618 1360 726 ὦ

121 716 261 812 rigere,
278 718 335 790 vel
352 720 423 792 sibi
441 720 509 816 ipsi
527 746 640 795 noras
654 724 891 798 constituere.
944 725 1058 797 Prout
1075 724 1174 796 enim

122 829 164 901 in
182 855 403 927 unaquaque
420 834 575 907 scientia
599 837 768 931 procedit
790 838 1029 934 computatio,
1049 838 1173 910 multi-

121 943 312 1038 plicantur
328 947 440 1019 etiam
458 948 522 1043 qui
538 949 576 1021 in
594 949 867 1024 definitionibus
892 963 980 1024 sunt
1005 975 1172 1035 errores3

122 1057 226 1129 unde
255 1059 434 1153 paulatim
460 1060 647 1134 ducuntur
663 1059 829 1136 ‘lectores
854 1063 893 1136 in
919 1064 1174 1138 conclusiones

124 1172 326 1254 absurdas;
353 1197 445 1268 quas
471 1175 541 1247 etsi
566 1175 718 1248 tandem
734 1175 897 1265 videant,
915 1176 1096 1249 extricare
1119 1187 1174 1249 ta-

122 1310 212 1358 men
230 1310 270 1358 se
287 1311 363 1360 nou
380 1299 545 1383 possunt,
556 1289 630 1362 nisi
643 1289 765 1363 denuo
783 1291 828 1363 ab
840 1289 947 1362 initio
959 1301 1173 1386 computare

122 1399 319 1495 incipiant,
334 1401 374 1473 in
391 1425 464 1496 quo
478 1402 583 1475 initio
597 1426 725 1475 eorum
737 1425 879 1475 errores
892 1401 1037 1474 frmdati
1055 1416 1172 1476 erant.

124 1513 185 1585 llli
196 1537 298 1609 ergo,
312 1515 376 1610 qni
388 1514 605 1588 authoribus
623 1516 703 1588 aliis
721 1516 876 1588 nimium
894 1516 1062 1604 credunt,
1074 1515 1173 1588 idem

122 1625 280 1715 faciunt,
299 1627 397 1723 quod
423 1629 487 1722 qui
511 1629 646 1702 multas
672 1653 833 1703 summas
861 1629 1021 1702 minores
1038 1630 1078 1702 in
1095 1654 1172 1703 ma-

120 1742 243 1836 jorem
261 1739 451 1836 colligunt,
470 1742 659 1814 summulis
685 1742 756 1815 illis
772 1766 848 1815 non
865 1755 951 1815 ante
968 1754 1069 1816 recte
1087 1768 1173 1816 exa-

124 1853 287 1940 minatis,
306 1866 344 1925 et
360 1869 554 1950 perspecto
573 1855 724 1928 tandem
752 1879 887 1944 errore,
906 1880 975 1929 nec
993 1858 1172 1953 suspectis

125 1967 386 2062 magistrorum
406 1968 609 2064 principiis,
628 1967 800 2064 expedire
826 1992 865 2041 se
890 1993 967 2042 non
991 1982 1171 2065 possunt;

125 2079 193 2152 sed
210 2094 355 2175 tempus
381 2092 603 2153 consumunt
627 2081 805 2153 librorum
830 2081 920 2153 folia
945 2083 1172 2172 motitanteS,

125 2194 439 2290 quemadmodum
463 2194 606 2267 faciunt
630 2194 795 2280 aviculae,
813 2218 897 2288 quae
920 2206 1116 2291 postquam
1133 2197 1173 2269 in

125 2308 336 2380 cubiculum
370 2308 520 2403 aliquod
554 2308 773 2381 intraverint
802 2332 868 2404 per
893 2310 1090 2398 caminum,
1118 2310 1173 2382 in-

125 2421 319 2517 clusasque
349 2445 388 2494 se
415 2421 587 2511 viderint,
615 2422 666 2495 ad'
687 2422 859 2494 fenestrae
888 2423 1017 2495 vitreae
1050 2422 1176 2496 lumen

125 2537 259 2609 falsum
276 2536 486 2609 motitando
496 2537 585 2625 alas,
601 2536 723 2609 oblitae
741 2561 814 2632 qua
825 2537 884 2609 via
900 2536 1075 2631 ingressae
1086 2537 1173 2626 sint,

126 2650 296 2722 laborant
312 2649 461 2722 frustra.
513 2649 656 2722 Primus
674 2674 762 2746 ergo
780 2648 959 2722 sermonis
976 2672 1074 2736 usus
1092 2674 1174 2745 quae

127 2764 319 2859 acquisitio
328 2775 385 2836 est
395 2764 819 2851 scientiarum‚consistit
829 2763 868 2836 in
878 2764 1175 2836 rectanominum

128 2877 352 2967 definitione,
375 2877 589 2974 primusque
614 2878 749 2950 abusus
779 2878 818 2949 in
843 2877 1058 2949 definitione
1084 2878 1177 2951 falsa

128 2991 186 3063 vel
212 2991 335 3074 nulla;
362 3001 473 3086 atque
498 2991 585 3064 inde
611 2990 818 3087 procedunt
834 2990 936 3063 falsae
951 3003 988 3063 et
1006 2990 1176 3064 absurdae

129 3103 430 3199 philosophorum
448 3105 650 3199 opiniones
669 3128 753 3199 quae
770 3103 864 3193 illos
883 3103 945 3197 qui
963 3104 1176 3177 instructio·

128 3241 212 3288 nem
238 3241 315 3289 non
332 3242 355 3290 a
370 3218 521 3312 propria
538 3217 777 3290 meditatione
794 3217 859 3290 sed
876 3217 923 3290 ab
948 3218 1175 3289 authoritate

129 3330 306 3403 librorum
340 3331 540 3427 accipiunt,
567 3343 673 3403 tanto
707 3330 899 3404 hominum
925 3329 1175 3425 ignorantium

129 3443 339 3516 conditione
351 3443 543 3517 inferiores
555 3442 727 3531 reddunt,
743 3454 881 3540 quanto
895 3443 1075 3530 homineS,
1088 3465 1176 3513 vera

129 3557 283 3629 scientia
300 3556 456 3652 praediti,
475 3557 603 3629 eadem
622 3556 835 3629 conditione
853 3555 1058 3650 superiores
1077 3568 1174 3629 sunt.

130 3671 226 3743 Nam
243 3671 341 3743 inter
353 3694 478 3743 veram
492 3671 685 3743 scientiam
698 3682 736 3743 et
747 3669 954 3743 doctrinam
968 3692 1174 3759 erroneam,

128 3782 338 3878 ignorantia
350 3784 387 3855 in
406 3783 527 3856 medio
547 3795 613 3856 est.
667 3784 803 3856 Sensus
822 3797 860 3856 et
877 3783 1091 3878 imaginatio
1110 3807 1175 3855 na-

128 3896 266 3968 turales
284 3896 571 3970 absurditatibus
598 3897 767 3970 obnoxiae
785 3922 860 3969 non
878 3909 976 3969 sunt.
1031 3896 1176 3968 Natura

129 4011 209 4105 ipsa
226 4033 348 4082 errare
375 4034 448 4083 non
475 4022 609 4105 potest.
663 4011 814 4085 Quanto
841 4024 963 4083 autem
991 4011 1072 4106 quis
1099 4034 1175 4083 ser-

128 4121 249 4193 monis
274 4122 381 4217 eopia
410 4122 573 4195 abundat
599 4123 728 4219 magis
753 4135 858 4195 tanto
885 4133 949 4194 aut
974 4124 1175 4218 sapientior

129 4233 189 4305 vel
215 4235 362 4308 stultior
387 4248 444 4308 est
470 4261 579 4332 quarn
603 4236 743 4332 vulgus.
797 4235 928 4332 Neque
955 4236 1034 4309 sine
1059 4235 1174 4308 literis
