2926 4980
340 359 408 436 174
722 378 775 428 ou
793 378 1000 431 crvrrnru.
1029 424 1034 438 .

133 571 211 622 cur.
226 572 315 625 xxo.
334 546 388 619 illi
404 570 530 620 omnes
549 557 586 620 et
602 547 682 637 soli,
696 571 851 644 quorum
870 547 1053 644 suffragiis
1070 548 1228 644 pecunia
1243 561 1371 625 mutuo

137 654 292 775 „W
334 672 481 755 sumpta
505 672 572 733 est.
641 661 901 756 Unusquisque
930 659 1027 732 enim
1055 684 1193 748 eorum,
1221 685 1265 735 eo
1292 663 1371 760 ipso

135 781 294 828 fibrarum·
334 771 434 867 quod
445 784 612 845 mutuum
630 772 723 845 sumi
740 771 923 868 suffragiis
941 772 1015 846 suis
1027 774 1234 863 voluerunt,
1251 775 1300 848 ad
1314 800 1371 848 so-

333 885 510 958 lutionem
528 885 739 981 obligantur
756 885 867 957 etiam
884 886 999 958 totius
1023 885 1147 975 debiti,
1166 887 1266 982 quod
1287 912 1371 961 cum

334 999 487 1093 quilibet
502 1022 598 1071 unus
615 997 764 1071 solverit
781 1021 907 1071 omnes
923 998 1135 1072 liberantur.

385 1111 495 1193 Quod
512 1111 542 1184 si
559 1110 716 1207 pecunia
739 1110 802 1182 uui
827 1109 936 1182 alicui
962 1134 1007 1183 ex
1024 1111 1103 1207 ipso
1122 1121 1221 1184 eoetu
1239 1112 1372 1186 debea-

334 1235 406 1313 tur,
425 1224 473 1297 ad
490 1225 706 1298 solutionem
725 1234 873 1296 tenetur
890 1223 988 1296 solus
1005 1235 1121 1298 coetus
1138 1224 1228 1321 ipse,
1246 1225 1285 1298 id
1302 1238 1369 1316 est,

333 1336 453 1433 ipsum
475 1349 644 1435 systema.
697 1339 733 1410 Is
751 1338 860 1426 enim,
876 1337 936 1410 eui
953 1337 1118 1429 debetur,
1133 1339 1164 1411 si
1176 1340 1370 1435 pecuniam

331 1451 431 1524 illam
458 1463 622 1525 mutuam
648 1451 727 1524 dari
756 1473 918 1546 praesens
946 1451 1117 1546 suffragio
1147 1474 1213 1524 suo
1239 1450 1370 1542 voluit,

332 1565 444 1637 etiam
467 1565 558 1639 solvi
570 1564 708 1649 voluit;
734 1564 790 1636 siu
808 1563 981 1658 suffragio
1007 1587 1073 1636 suo
1097 1576 1263 1637 mutuam
1290 1565 1369 1639 dari

331 1678 461 1767 noluit,
487 1678 545 1751 vel
572 1677 602 1750 si
626 1679 755 1750 absens
782 1677 907 1762 fuerit,
932 1677 1018 1772 quia
1044 1689 1168 1750 tamen
1197 1690 1364 1752 mutuam

331 1790 452 1864 dando
469 1803 635 1864 mutuam
653 1789 733 1863 dari
750 1791 878 1880 voluit,
890 1791 981 1863 solvi
998 1791 1113 1865 voluit
1128 1823 1138 1876 ;
1163 1791 1261 1864 idem
1273 1815 1364 1888 ergo

330 1916 497 1977 mutuam
514 1904 625 1977 sumit
642 1914 680 1976 et
697 1903 782 1988 dat;
809 1916 846 1976 et
870 1903 1025 2000 proinde
1043 1904 1208 1978 debitum
1225 1929 1332 1977 suum
1345 1931 1368 1978 a

329 2018 475 2090 nemine
495 2041 645 2114 poscere
670 2028 917 2112 praeterquam
934 2041 956 2089 a
973 2028 1171 2113 systemate
1189 2018 1269 2113 ipso
1283 2018 1367 2113 jure

328 2141 482 2227 protest.
534 2131 662 2225 ltaque
680 2128 711 2202 si
728 2139 885 2226 systema
910 2153 955 2201 ex
980 2129 1153 2202 thesauro
1180 2133 1367 2204 communi

328 2244 501 2318 solvendo
519 2268 592 2317 non
610 2253 677 2332 est,
701 2242 902 2315 remedium
927 2243 1039 2316 habet
1056 2242 1221 2328 nullum;
1246 2268 1366 2341 neque

330 2369 450 2454 potest
466 2358 536 2432 nisi
561 2358 606 2431 de
630 2359 749 2453 seipso
767 2357 954 2452 conqueri,
982 2357 1045 2453 qui
1062 2368 1192 2451 sponte
1208 2382 1275 2431 sua
1299 2359 1365 2430 im·

327 2473 528 2569 prudenter
544 2471 738 2569 pecuniam
751 2494 854 2543 suam
867 2481 1032 2542 mutuam
1050 2469 1162 2543 dedit.

376 2587 614 2660 Manifestum
631 2585 716 2657 hino
734 2597 800 2673 est,
818 2585 857 2656 iu
874 2583 1131 2680 systematibus
1149 2583 1364 2658 subordina-

326 2701 374 2773 tis
396 2700 622 2796 subditisque
639 2698 812 2795 potestati
830 2698 999 2784 civitatiS‚
1017 2696 1203 2780 interdum
1217 2697 1361 2793 privato

325 2813 466 2886 homini
482 2811 690 2910 systematis
703 2812 866 2882 membro
890 2822 1020 2882 contra
1040 2808 1231 2882 decretum
1242 2823 1362 2883 coetus

325 2928 534 3024 protestari,
549 2925 745 3020 aliquando
758 2923 962 3012 dissentire,
977 2935 1014 2995 et
1032 2921 1269 2997 dissentionis
1287 2948 1362 2997 suae

325 3041 534 3114 conservari
550 3040 763 3112 memoriam
778 3038 975 3134 postulare,
993 3060 1067 3109 uon
1086 3037 1195 3109 modo
1217 3037 1360 3111 licitum

325 3178 414 3243 esse,
430 3154 494 3227 sed
512 3154 623 3227 etiam
640 3150 823 3247 expedire,
841 3175 888 3223 ne
906 3149 1041 3245 alioqui
1059 3148 1183 3222 debita
1207 3150 1255 3222 ab
1280 3151 1361 3225 aliis

324 3279 516 3340 contracta
545 3267 623 3362 ipse
649 3264 788 3337 solvere
824 3263 1018 3358 obligetur.
1083 3262 1156 3335 Sed
1186 3263 1225 3336 in
1259 3279 1361 3338 ooetu

323 3410 503 3459 summam
520 3384 679 3457 habente
693 3382 850 3455 civitatis
863 3380 1066 3477 potentiam
1077 3380 1360 3475 protestationes

322 3499 530 3596 hujusmodi
547 3497 658 3571 lioitae
675 3520 749 3568 non
768 3508 865 3584 sunt,
879 3504 1073 3589 propterea
1086 3491 1186 3586 quod
1198 3503 1361 3587 potesta·

322 3615 370 3686 tis
396 3637 547 3687 summae
573 3610 727 3683 totidem
753 3621 838 3682 sunt
863 3607 1101 3702 negationes;
1128 3605 1240 3677 etiam
1272 3607 1360 3701 quia

322 3726 497 3823 quioquid
513 3727 594 3798 fita
620 3748 761 3796 summa
782 3733 976 3819 potestate,
1001 3718 1216 3791 authoribus
1242 3719 1287 3791 fit
1309 3719 1359 3791 oi-

321 3841 427 3913 vibus
445 3839 613 3913 omnibus
626 3854 665 3910 et
682 3836 844 3932 singulis

372 3955 619 4051 Systematum
632 3948 951 4023 subordinatorum
967 3943 1112 4016 infinita
1127 3942 1205 4015 sere
1222 3957 1280 4016 est
1297 3969 1358 4017 va-

320 4067 443 4139 rietas.
495 4060 889 4159 Distinguuuturenim
902 4081 977 4130 non
994 4056 1112 4130 solum
1127 4056 1173 4129 ab
1190 4057 1356 4150 agendis

321 4192 471 4276 propter
482 4203 564 4275 quae
582 4176 856 4249 constituuntur
876 4184 914 4245 et
932 4195 1013 4265 quae
1030 4169 1229 4242 multorum
1245 4192 1356 4264 gene·

321 4312 402 4363 rum
413 4304 510 4383 suut,
524 4291 590 4364 sed
603 4290 714 4363 etiam
729 4285 998 4383 atemporibus,
1013 4284 1115 4372 loeis,
1129 4291 1167 4354 et
1179 4283 1353 4372 numeris,
