2926 4980
353 381 408 433 on
427 380 620 433 crvrrurn
641 380 909 433 cunrsrmnn.
1074 364 1148 431 41³

111 559 197 620 sunt
214 572 236 620 a
252 571 394 622 summo
410 549 605 645 pontifice;
632 548 696 621 sed
713 572 761 620 an
778 548 879 636 boni,
893 572 941 621 an
958 547 1044 620 mali
1062 547 1147 634 sint,
1171 575 1249 625 cnr.
1263 573 1349 623 xcrr.

111 661 181 733 nisi
211 661 249 734 in
276 685 341 734 suo
376 661 489 757 ipsius
521 660 696 748 dominio,
727 660 895 756 judicare
923 684 1012 733 non
1026 660 1147 733 debet.
1187 653 1338 774 „ff

111 775 265 847 Etiamsi
282 799 408 848 verum
427 786 535 862 esset,
552 799 628 848 non
644 797 752 870 posse
769 774 917 846 omnino
937 797 1059 846 errare
1083 773 1150 845 Pa·
1187 780 1339 828 munaus

112 913 209 984 pam,
224 888 264 960 id
286 901 409 961 tamen
430 890 491 983 jus
517 887 708 983 judicandi
726 887 764 959 in
781 886 992 960 civitatibus
1022 886 1150 960 alienis

113 1001 254 1074 nullum
277 1003 537 1075 contribueret.
599 1000 741 1074 Deinde
771 1026 794 1073 a
823 1001 964 1074 ratione
992 1000 1151 1074 naturali

113 1138 181 1210 pro
192 1115 449 1188 infallibilitate
463 1116 570 1210 Papae
589 1115 712 1210 arguit
728 1114 801 1187 sic:
822 1115 861 1187 Si
873 1116 972 1211 Papa
984 1115 1023 1187 in
1040 1114 1149 1186 rebus

113 1228 332 1301 adsalutem
349 1229 562 1301 necessariis
577 1251 700 1301 errare
723 1239 859 1323 posset,
877 1239 966 1300 tunc
990 1227 1037 1301 ed
1054 1227 1150 1300 salu-

115 1352 190 1412 tem
217 1340 382 1413 ecclesiae
416 1365 490 1414 non
520 1341 608 1414 satis
638 1365 661 1413 a
687 1341 832 1413 Christo
859 1342 1047 1437 provisum
1078 1352 1150 1421 est;

114 1466 311 1550 propterea
337 1454 435 1548 quod
453 1454 660 1526 doctrinam
679 1454 786 1549 Papae
817 1455 920 1549 sequi
950 1455 1056 1528 nobis
1083 1455 1152 1527 im-

114 1566 266 1662 peravit.
300 1566 372 1638 Ubi
386 1577 508 1640 autem
521 1565 689 1639 Christus
700 1565 737 1637 id
747 1567 909 1660 jusserit,
924 1578 989 1639 aut
1003 1567 1151 1641 omnino

118 1679 165 1752 de
183 1680 283 1776 Papa
299 1679 444 1752 locutus
462 1680 522 1765 sit,
533 1704 608 1754 non
626 1679 798 1753 ostendit.
826 1680 947 1753 Etiam
964 1705 1150 1770 concesso,

118 1794 225 1889 Papae
254 1793 380 1866 datum
407 1817 484 1866 esse
516 1793 691 1890 quicquid
718 1794 755 1865 S.
783 1794 891 1867 Petro
918 1794 1045 1867 datum
1071 1805 1150 1877 est;

115 1908 202 2002 quia
217 1920 341 1980 tamen
362 1907 400 1979 in
422 1908 613 2004 Scriptura
638 1908 751 1980 Sacra
776 1930 955 2003 nusquam
980 1908 1152 2003 jubemur

115 2020 263 2093 obedire
288 2021 409 2108 Petro,
427 2020 585 2117 injustus
603 2032 699 2092 esset
720 2019 795 2113 qui,
814 2020 843 2092 si
866 2019 987 2093 fecere
1013 2021 1152 2116 aliquid

117 2134 244 2206 Petrus
258 2133 403 2230 juberet
420 2134 518 2228 quod
542 2133 683 2229 legibus
708 2132 836 2227 patriis
860 2135 1083 2207 eontrarium
1098 2159 1152 2207 es·

114 2257 184 2331 set,
201 2247 254 2319 illi
271 2245 450 2319 obediret.

168 2361 366 2450 Postremo,
397 2362 531 2456 Papam
562 2371 781 2455 potestatem
811 2360 946 2433 babere
974 2384 1153 2434 summam

115 2496 182 2568 per
199 2483 320 2546 totum
339 2474 468 2546 orbem
487 2473 739 2546 Christianum
765 2474 803 2545 in
834 2475 943 2546 rebus
974 2474 1153 2564 civilibus,

117 2610 236 2682 neque
263 2587 374 2682 Papa,
393 2610 513 2682 neque
541 2587 696 2660 ecclesia
720 2586 897 2659 definivit.
949 2588 1036 2662 Non
1065 2612 1154 2683 ergo

116 2699 328 2795 obligantur
349 2699 642 2794 jurisdictionem
671 2702 750 2797 ejus
775 2701 813 2772 in
832 2701 941 2773 rebus
958 2701 1155 2774 moralibus

116 2835 316 2907 agnoscere
333 2836 460 2885 omnes
476 2813 688 2886 Christiani.
718 2813 918 2909 Imperium
936 2814 1033 2887 enim
1048 2815 1155 2888 civile

116 2949 310 3014 summum,
338 2937 376 2998 et
403 2949 573 3021 suprema
597 2926 643 2998 de
672 2927 929 3000 controversiis
954 2927 1154 3000 moralibus

112 3038 304 3134 judicatio,
323 3037 451 3111 eadem
463 3051 519 3111 est
532 3062 613 3111 res:
633 3038 719 3128 imo,
734 3062 839 3133 reges
852 3063 927 3112 non
938 3041 1049 3114 modo
1065 3039 1155 3137 quid
1289 3069 1291 3073 ¹

116 3153 165 3225 sit
177 3153 318 3246 justum
336 3163 373 3225 et
390 3152 566 3247 injustum
584 3152 623 3224 in
646 3152 852 3225 actionibus
871 3153 1063 3241 definiunt,
1089 3153 1154 3226 sed

115 3265 229 3338 etiam
243 3264 424 3361 justitiam
438 3266 553 3362 ipsam
571 3288 637 3361 per
662 3264 761 3361 leges
788 3288 872 3338 suas
889 3265 1029 3340 faciunt
1044 3298 1053 3348 ;
1076 3268 1153 3362 jus·

116 3378 201 3451 titia
218 3389 340 3451 eutem
356 3391 393 3452 et
410 3379 590 3474 injustitia
606 3377 653 3451 ad
671 3377 824 3451 moralia
836 3379 1033 3474 pertinent.
1078 3381 1154 3453 Ne-

118 3514 190 3585 que
200 3492 340 3585 justum
358 3503 422 3564 ant
439 3492 616 3588 injustum
633 3490 671 3563 in
689 3491 852 3564 moribus
870 3493 1153 3589 quicquamst,

119 3604 189 3675 nisi
206 3603 245 3675 id
258 3603 357 3698 quod
374 3605 427 3676 itu
443 3604 583 3678 factum
600 3616 657 3677 est
674 3627 740 3699 per
751 3603 851 3700 leges
868 3605 1005 3679 civiles.

170 3715 222 3788 Ut
233 3715 367 3810 Papam
377 3728 596 3811 potestatem
609 3717 744 3790 habere
758 3717 796 3790 in
807 3718 1016 3791 civitatibus
1027 3719 1155 3792 alienis

119 3826 360 3923 legislativam
377 3830 520 3925 probet,
538 3831 691 3904 adducit
707 3830 829 3904 locum
847 3832 958 3905 Dent.
976 3832 1060 3905 xvii.
1085 3842 1153 3906 12:

126 3939 193 4012 Vir
207 3952 329 4014 autem
341 3942 419 4031 itte,
437 3943 501 4040 qui
504 3944 611 4040 fecit
624 3944 795 4044 superbe,
813 3955 854 4017 ut
882 3970 953 4018 uon
971 3944 1155 4018 auscultet

118 4053 311 4125 sacerdoti
328 4063 542 4128 eonetuuter
565 4055 795 4130 ministranti
812 4056 955 4130 telove
975 4058 1057 4131 Deo
1081 4066 1155 4146 tuo,

119 4175 186 4238 aut
189 4166 316 4262 judici
330 4195 345 4249 ;
363 4167 492 4264 utique
502 4169 679 4240 morietur
689 4170 747 4242 uir
760 4169 838 4258 itte,
850 4179 888 4242 et
901 4170 1011 4244 tottee
1024 4169 1157 4244 mutum

116 4280 218 4356 tttuu
232 4307 279 4354 eu
298 4280 475 4355 Isruete:
500 4281 646 4372 oblitus,
672 4284 772 4379 quod
797 4308 959 4359 summus
986 4284 1155 4359 sacerdos
