2926 4980
352 381 406 431 nn
426 379 567 431 naono
586 379 888 433 rnunnaanum.
1063 365 1136 432 453

104 549 185 638 Dei,
196 548 358 621 nascitur
375 548 473 643 quod
486 557 651 643 pastores
668 559 705 620 et
722 547 881 620 ministri
899 547 1138 621 ecclesiarum
1151 578 1230 635 cip,
1244 577 1342 627 xciv,

104 685 237 736 nomen
255 661 325 733 sibi
342 671 528 733 assumant
546 658 652 749 cleri,
667 671 820 733 caeteros
835 660 1061 733 Christianos
1078 684 1140 756 ap-
1167 659 1321 766 „W

104 776 283 873 pellentes
299 773 429 860 laicos,
444 772 482 844 id
493 783 559 860 est,
571 772 784 868 simpliciter
795 771 985 871 pupulam.
1013 772 1139 847 Clerns
1167 785 1318 863 niatufflbus

105 889 202 961 enim
214 886 333 983 primo
350 896 388 958 et
403 888 551 982 proprie
569 884 752 981 significat
762 896 910 975 sortem,
923 885 1055 959 deinde
1070 887 1141 959 bc·
1167 853 1341 960 iiniiffi

105 1000 316 1083 reditotem,
328 1009 364 1071 et
382 1007 567 1093 postremo
584 1020 645 1069 eos
663 997 737 1092 qui,
751 1010 930 1093 regnante
942 998 1022 1072 Deo
1034 998 1072 1071 in
1086 998 1137 1071 Is·
1167 981 1336 1062 mm·

106 1112 215 1199 raele,
245 1112 437 1185 alebantur
463 1133 508 1182 ex
537 1109 713 1182 reditibus
740 1110 893 1205 publicis
923 1134 1014 1207 quos
1041 1110 1140 1184 Deus

108 1225 176 1298 sibi
193 1235 454 1311 reservaverat,
468 1246 611 1318 nempe,
629 1246 674 1294 ex
691 1222 877 1296 sacrificiis
891 1235 929 1296 et
946 1224 1138 1297 oblationi-

107 1340 175 1411 bus
193 1363 282 1435 quas
299 1338 398 1411 Deus
414 1336 453 1409 in
476 1337 689 1410 alimentum
714 1335 964 1409 ministrorum
991 1360 1141 1410 suorum

107 1452 349 1548 publicorum,
368 1451 431 1545 qui
453 1460 557 1522 erant
582 1449 730 1538 Levitae,
747 1461 990 1545 separaverat.
1043 1451 1142 1546 Papa

108 1589 209 1661 ergo,
227 1564 289 1659 qni
316 1564 354 1637 in
380 1563 533 1636 ecclesia
558 1563 656 1635 idem
680 1586 758 1635 esse
775 1563 854 1636 vult
877 1563 975 1658 quod
1001 1563 1140 1636 eratin

108 1701 222 1773 regno
240 1677 321 1766 Dei,
338 1677 378 1749 id
394 1690 450 1749 est
473 1677 512 1748 in
531 1677 676 1766 lsraele,
694 1699 857 1749 summus
875 1676 1057 1766 sacerdos,
1083 1700 1141 1748 re-

109 1791 207 1864 ditus
225 1791 358 1865 similes
375 1816 398 1864 a
415 1789 632 1863 Christianis
646 1790 808 1885 postulat
824 1790 893 1862 sibi
908 1803 946 1862 et
971 1789 1140 1863 sacerdo-

108 1905 205 1978 tibus
230 1904 304 1977 suis
322 1928 345 1976 a
363 1902 604 1987 Christianis;
630 1902 677 1975 ad
703 1927 813 1998 quam
831 1927 908 1974 rem
926 1903 1142 2000 expediebat

109 2030 151 2091 ut
164 2017 372 2091 sacerdotes
389 2017 659 2112 appellarentur
670 2014 804 2087 cleros.
831 2016 992 2089 Decimae
1005 2016 1141 2111 itaque,

111 2156 191 2228 quae
217 2130 354 2203 Levitis
371 2132 464 2225 jure
490 2129 613 2201 diuino
631 2128 859 2200 debebantur
872 2128 911 2200 in
928 2151 1042 2223 regno
1061 2127 1142 2214 Dei,

110 2245 347 2342 requiruntur
364 2257 401 2315 et
418 2254 612 2316 sumuntur
625 2242 702 2337 jam
728 2240 792 2313 diu
815 2242 861 2313 ab
880 2239 1142 2328 ecclesiasticis,

112 2382 187 2431 non
194 2359 288 2453 jure
304 2355 419 2444 ciuili,
438 2354 502 2428 sed
520 2355 644 2428 divino
658 2381 673 2438 ;
699 2365 737 2427 et
753 2355 908 2449 populus
925 2353 1061 2448 ubique
1078 2376 1145 2450 per

112 2470 302 2544 ecclesiam
316 2470 519 2541 Romanam
537 2467 729 2564 pensiones
745 2467 909 2562 publicas
927 2467 1055 2562 duplas
1073 2467 1144 2540 sol-

111 2594 214 2672 vunt,
232 2583 364 2655 alteras
381 2581 522 2654 civitati
540 2604 626 2667 suae,
644 2579 777 2652 alteras
795 2580 893 2653 clero
917 2581 1092 2654 Romano.

161 2697 220 2769 Ab
233 2696 361 2769 eodem
379 2719 513 2782 errore,
533 2694 631 2790 quod
648 2694 802 2767 ecclesia
813 2718 973 2790 praesens
990 2707 1046 2767 est
1063 2718 1145 2790 reg-

112 2835 200 2883 num
217 2809 298 2898 Dei,
316 2807 529 2880 introducta
545 2820 601 2880 est
618 2807 802 2880 distinctio
827 2808 924 2881 inter
941 2808 1039 2903 leges
1057 2807 1145 2880 civi·
1239 2809 1244 2820 '

113 2924 169 2996 lca
186 2935 224 2995 et
241 2921 453 2995 canonicas.
506 2921 600 2993 Sunt
625 2932 748 2993 autem
777 2921 875 3017 leges
903 2921 1038 3009 civiles,
1065 2931 1148 2994 acta

113 3034 371 3132 imperantium
389 3033 427 3105 in
453 3032 622 3106 dominiis
647 3032 827 3129 propriis;
855 3045 892 3106 et
916 3034 1015 3129 leges
1038 3057 1147 3105 cano-

114 3153 218 3238 nicae,
237 3160 320 3222 acta
337 3147 525 3219 Pontificis
542 3147 581 3218 in
599 3145 769 3219 dominiis
794 3145 934 3219 iisdem.
987 3144 1061 3218 Sed
1078 3146 1147 3232 hae,

115 3276 201 3336 ante
228 3261 372 3358 imperii
398 3261 676 3333 translationem
707 3259 746 3332 in
774 3259 945 3332 Carolum
971 3258 1148 3355 Magnum

113 3378 213 3472 leges
239 3399 314 3448 non
331 3383 458 3457 erant;
485 3397 692 3468 quanquam
709 3382 848 3468 postea,
865 3371 1148 3468 procedentibus

115 3489 232 3562 indies
257 3486 430 3576 tenebris,
456 3486 694 3582 imperatores
722 3484 791 3580 ipsi
818 3508 878 3557 eas
903 3508 971 3580 pro
995 3484 1148 3579 legibue,

116 3612 218 3673 metu
247 3597 395 3693 majoris
429 3597 515 3669 mali
543 3622 566 3670 a
595 3597 760 3670 caecitate
787 3597 924 3692 populi,
955 3595 1148 3669 admittere

117 3713 233 3788 coacti
251 3723 347 3784 sunt.

167 3826 266 3899 Hinc
296 3822 406 3895 etiam
424 3833 490 3909 est,
509 3821 609 3917 quod
635 3821 673 3893 in
698 3821 861 3917 pluribus
888 3821 1069 3908 dominiis
1086 3821 1150 3893 ubi

118 3942 226 4036 Papae
242 3945 404 4033 potestas
418 3933 665 4007 ecclesiastica
676 3934 820 4030 integra
834 3934 1019 4030 recipitur,
1030 3934 1052 4006 J
1055 3933 1151 4006 udaei

117 4066 154 4125 et
170 4049 281 4124 Turci
306 4071 371 4119 suo
390 4045 497 4118 modo
522 4046 640 4118 Deum
668 4046 800 4134 colere,
819 4057 996 4141 quatenus
1024 4057 1151 4119 contra

116 4174 337 4262 potestatem
369 4159 512 4232 civilem
540 4182 614 4230 uon
642 4159 843 4248 offendunt,
867 4159 1150 4255 permittantur;

119 4273 317 4351 Christiani
335 4285 472 4361 autem,
488 4270 676 4344 civitatum
689 4272 842 4346 aliarum
862 4272 971 4359 cives,
984 4272 1023 4344 in
1035 4273 1152 4346 Roma
