2926 4980
338 315 384 381 84
731 329 784 380 nn
805 328 989 379 souma.

337 495 459 568 ideam
481 504 625 566 naturae
650 492 783 566 divinae
807 495 929 566 animo
949 491 1141 588 concipere
1158 514 1233 564 non
1250 492 1378 587 possit.

339 609 444 682 Sicut
462 606 559 680 enim
573 607 695 694 homo,
710 606 773 701 qui
791 630 913 679 coecus
931 616 1121 694 natusest,
1136 606 1205 678 etsi
1222 605 1380 678 audierit

225 769 231 781 ·
339 721 503 795 dicentes
520 720 610 793 alios
628 744 666 793 se
688 720 736 793 ad
753 720 877 815 ignem
895 720 1065 806 calefieri,
1085 718 1315 816 ducaturquc
1332 718 1380 790 ad

339 833 494 908 eundem
513 833 636 929 ignem
654 844 695 905 ut
713 844 750 905 et
768 833 846 929 ipse
865 834 1031 916 calefiat3
1050 833 1157 905 facile
1180 844 1380 929 cognoscet

339 971 416 1020 csse
445 946 584 1041 aliquid
612 971 656 1019 eo
682 946 776 1036 loco,
800 972 916 1043 aquo
944 947 1021 1042 ipse
1047 947 1179 1036 calefit,
1197 969 1380 1043 quemque

337 1060 505 1133 homines
529 1060 653 1156 ignem
670 1074 827 1144 vocant;
855 1061 914 1134 cui
940 1073 1065 1134 autem
1096 1062 1149 1134 rei
1180 1061 1306 1134 similis
1333 1060 1381 1133 sit

337 1163 543 1270 imaginari,
557 1186 623 1246 aut
635 1173 757 1247 ideam
770 1175 878 1271 ignia,
891 1174 1037 1270 qualem
1051 1176 1216 1249 videntes
1230 1175 1380 1262 habent,

336 1287 474 1361 habere
501 1311 577 1360 non
612 1298 757 1384 potest:
797 1289 850 1361 ita
874 1287 995 1377 homo,
1022 1314 1044 1362 a
1069 1290 1380 1385 contemplatione

338 1401 476 1475 ordinis
488 1424 612 1474 rerum
622 1401 833 1490 visibilium,
846 1401 1045 1475 earundem
1061 1426 1207 1475 causam
1220 1402 1381 1497 aliquam

338 1538 431 1615 esse,
450 1538 559 1611 quem
573 1515 693 1588 Deum
711 1515 909 1612 appellant,
924 1527 1044 1588 certus
1062 1527 1142 1600 est;
1169 1541 1237 1589 nec
1255 1529 1381 1590 tamen

338 1627 535 1723 imaginem
560 1639 625 1699 aut
649 1626 868 1722 phantasma
892 1629 970 1724 ejus
987 1627 1074 1701 inde
1093 1628 1241 1724 aliquod
1258 1629 1381 1704 animo

340 1740 534 1835 concipere
552 1751 685 1834 potest.

390 1853 523 1942 Etiam,
538 1853 601 1948 qui
615 1852 796 1926 derorum
808 1853 1032 1926 naturalium
1045 1856 1163 1927 causis
1173 1879 1304 1950 pamm
1318 1867 1383 1929 aut

339 1966 432 2038 nihil
455 1965 600 2038 solliciti
621 1979 718 2055 sunt,
736 1965 807 2039 illis
827 1976 950 2038 tamen
969 1980 1089 2039 metus
1107 1967 1254 2063 quidem
1273 1969 1382 2060 inest,

341 2090 444 2151 ortus
461 2080 507 2151 ab
526 2103 569 2152 eo
584 2079 675 2175 ipso,
693 2079 794 2175 quod
811 2104 857 2152 au
869 2080 919 2153 sit
931 2080 1098 2175 potentia
1114 2081 1238 2178 aliqua
1254 2105 1383 2172 necue,

342 2215 415 2287 qua
427 2191 549 2287 juvari
563 2203 627 2265 aut
643 2192 728 2266 laedi
746 2206 910 2289 possunt,
924 2195 1120 2289 ignorant;
1146 2206 1256 2292 atque
1274 2198 1319 2270 ab
1339 2222 1383 2270 eo

341 2317 443 2378 metu
459 2305 640 2401 proclives
659 2318 746 2378 sunt
764 2305 811 2378 ad
837 2307 1125 2402 suppositionem
1143 2320 1180 2381 et
1196 2310 1383 2382 fictionem

341 2418 525 2490 variarum
539 2419 788 2514 potentiarum
800 2418 1049 2509 invisibilium,
1064 2432 1305 2517 metuuntque
1319 2448 1384 2497 sua

341 2535 506 2631 ipsorum
523 2534 792 2630 phantasmata,
811 2535 1057 2630 invocantque
1075 2535 1113 2607 iu
1130 2537 1238 2608 rebus
1256 2537 1384 2610 adver-

342 2648 402 2736 sis,
415 2646 639 2743 laudantque
650 2647 688 2719 in
698 2647 894 2743 prosperis
907 2656 944 2720 et
953 2646 1094 2720 faciunt
1105 2648 1262 2744 denique
1274 2650 1383 2723 Deos

343 2760 465 2856 Atque
483 2760 568 2833 inde
585 2760 726 2833 factum
741 2772 796 2834 est
807 2760 1026 2833 uthomiues
1037 2763 1385 2858 aphantasmatibus

342 2874 416 2945 suis
444 2873 771 2947 innumerabilibus
793 2874 1076 2948 innumerabiles
1094 2877 1297 2950 creaverint
1316 2878 1386 2950 sibi

344 2984 453 3057 Deos.
511 2987 634 3059 Metus
665 2999 790 3059 autem
827 2987 889 3060 hic
918 2987 1153 3060 invisibilium
1177 3012 1300 3062 semen
1330 3004 1385 3064 est

343 3099 434 3194 ejus,
454 3123 563 3194 quam
578 3103 731 3196 quisque
746 3101 784 3172 in
803 3100 922 3195 seipso
933 3099 1166 3198 religionem,
1177 3104 1215 3175 in
1233 3103 1303 3175 illis
1320 3127 1385 3175 au-

343 3224 419 3284 tem
437 3212 500 3306 qui
518 3211 658 3284 diverse
677 3224 845 3286 metuunt
863 3213 1072 3309 coluntque,
1083 3215 1385 3311 superstitionem

345 3338 489 3398 vocant.

395 3440 597 3536 Religionis
625 3463 749 3513 semen
776 3440 859 3528 hoc,
882 3465 965 3513 cum
989 3440 1193 3536 apluribus
1221 3443 1386 3517 animad-

344 3576 490 3626 versum
508 3553 631 3644 fuerit,
650 3578 673 3626 a
690 3554 909 3649 quibusdam
933 3554 1073 3627 cultum
1090 3567 1127 3627 et
1144 3556 1182 3628 in
1200 3556 1300 3654 leges
1312 3557 1388 3630 for-

346 3678 486 3738 matum
498 3679 565 3754 est,
577 3667 841 3763 opinionesque
856 3668 1031 3741 decausis
1044 3669 1387 3743 rerumfuturarum

346 3779 457 3852 variae
468 3779 675 3852 adinventae
693 3792 791 3869 suut,
807 3780 938 3874 quibus
955 3780 1135 3874 putabant
1152 3782 1290 3877 optime
1308 3782 1387 3854 fieri

347 3915 465 3986 posse,
483 3903 525 3965 ut
543 3893 605 3965 alii
619 3893 754 3966 servire
773 3893 842 3965 sibi
859 3891 1132 3967 inducerentur.

770 4156 962 4167 -—--.....-.
