2926 4980
300 311 371 377 386
541 325 1100 417 υιὶοινιτΑτΕοΗκιετιΑΝΑ.

98 518 176 569 cae.
189 520 275 571 xun.
299 517 393 583 rum,
425 494 497 567 alia
531 506 637 567 erant
671 493 944 590 magistenalia,
972 494 1045 567 alia
1075 493 1357 571 ministerialia.

111 601 263 720 Μ
300 606 550 703 Magisteriale
585 632 718 681 munus
753 622 833 681 erat
868 609 1100 704 evangelium
1133 608 1359 705 infidelibus

110 727 266 774 celetem
299 720 523 816 praedicare;
550 734 781 794 sacramenta
798 733 836 793 et
854 746 1000 795 omnem
1018 723 1159 795 cultum
1178 722 1358 799 divinum

299 833 580 918 administrare;
599 848 637 907 et
650 834 795 930 regulas
810 834 896 907 fidei
910 847 949 908 et
960 859 1102 908 morum
1121 859 1184 909 eos
1197 835 1355 931 docere,

300 971 391 1042 quos
419 946 467 1021 ad
488 948 600 1021 fidem
628 960 898 1022 converterent.
951 948 1193 1022 Ministeriale
1210 974 1355 1026 munus

300 1071 381 1132 erat
409 1060 660 1150 diaconorum,
688 1060 823 1148 idest,
853 1084 980 1133 eorum
1007 1060 1070 1157 qui
1099 1061 1267 1136 ecolesioe
1291 1087 1354 1138 se·

300 1174 438 1247 cularia
463 1174 781 1263 administrabant,
810 1198 883 1270 quo
906 1185 1071 1269 tempore
1099 1174 1302 1249 Christiani
1328 1203 1354 1251 a

299 1287 634 1360 contributionibus
661 1287 826 1360 fidelium
843 1287 1071 1377 voluntariis,
1091 1287 1352 1364 incommune

299 1401 454 1491 collatis,
485 1401 688 1474 alebantur.
755 1403 856 1474 lnter
885 1424 1039 1474 munera
1072 1401 1351 1497 magisterialis,

299 1515 460 1612 primum
485 1525 525 1587 et
551 1515 750 1587 maximum
781 1526 862 1586 erat
891 1514 1129 1611 apostolatus.
1177 1516 1350 1612 Apostoli

300 1639 423 1700 autem
434 1627 553 1723 primo
564 1627 759 1699 duodecim
774 1640 890 1714 erant,
903 1650 1029 1699 omnes
1041 1628 1087 1700 ab
1101 1627 1180 1722 ipso
1195 1626 1349 1702 Christo

300 1742 408 1815 electi
426 1755 463 1814 et
481 1741 673 1815 constituti
689 1772 698 1825 ;
726 1765 882 1837 quorum
901 1741 1061 1813 officium
1080 1753 1171 1830 erat,
1190 1765 1267 1813 non
1285 1765 1349 1814 so-

299 1855 376 1928 lum
393 1856 607 1952 praedicare,
626 1855 771 1944 docere,
790 1866 829 1927 et
852 1854 1053 1949 baptizare,
1072 1855 1268 1928 sedetiam
1285 1878 1348 1928 re-

300 1969 565 2043 surrectionem
585 1968 737 2057 Christi,
755 1991 965 2064 quanquam
991 1967 1155 2064 periculo
1173 1967 1271 2057 vitae,
1291 1981 1349 2041 at-

300 2082 440 2156 testari.
483 2081 750 2154 Testimonium
768 2093 892 2153 autem
913 2079 984 2153 hoc
1008 2081 1237 2176 apostolatus
1253 2093 1349 2154 nota

300 2196 472 2292 specifica
506 2194 780 2290 essentialisque
812 2205 903 2266 erat.
968 2193 1097 2289 Itaque
1128 2191 1277 2289 quando
1307 2192 1348 2266 in

299 2310 421 2383 locum
455 2309 562 2382 Judae
593 2308 782 2381 Iscariotae
810 2306 1000 2403 apostolus
1031 2307 1220 2403 eligendus
1251 2317 1347 2397 erat,

299 2422 474 2519 praefatus
491 2432 546 2494 est
561 2422 690 2494 Petrus
700 2421 797 2512 (Act.
817 2420 840 2492 i.
859 2429 920 2508 21,
939 2421 1004 2515 22)
1024 2448 1032 2491 :
1064 2419 1224 2517 Oportet
1247 2445 1345 2519 ergo

300 2560 424 2608 eorum
441 2536 615 2624 virorum,
635 2534 700 2632 qui
717 2533 905 2607 laudiacum
921 2544 1032 2606 crant
1043 2558 1120 2631 per
1134 2557 1237 2606 omne
1253 2543 1346 2608 tem·

293 2675 370 2747 pua
403 2649 439 2722 ia
468 2673 539 2746 quo
566 2648 737 2720 introivit
767 2646 821 2718 ad
848 2670 915 2718 nor
945 2657 984 2719 et
1014 2647 1132 2720 exivit
1160 2645 1346 2720 Dominus

299 2761 424 2850 Jesuc,
440 2787 464 2833 α
483 2760 667 2858 baptismo
691 2758 876 2832 Jotannia
894 2785 1009 2857 arque
1028 2760 1083 2832 ad
1098 2760 1196 2832 diem
1213 2759 1251 2831 in
1270 2786 1345 2857 qao

300 2885 513 2974 aesrtmptus
545 2883 613 2962 eat,
645 2873 807 2970 aliquem
838 2874 1015 2945 constitui
1052 2873 1346 2945 resurrectionis

299 2993 380 3084 ejus
403 2988 589 3061 archiacum
607 2997 748 3058 testem.
794 2987 1049 3058 Necessarium
1069 3010 1157 3080 ergo
1175 2987 1344 3081 apostolo

299 3115 390 3192 erat,
410 3115 450 3174 ut
470 3101 604 3173 Christi
622 3101 929 3173 resurrectionem
943 3112 1154 3172 testaretur.

348 3216 497 3304 Eorum,
526 3215 588 3310 qui
615 3214 769 3309 apostoli
794 3213 986 3285 constituti
1013 3214 1058 3285 ab
1088 3213 1167 3308 ipso
1194 3211 1344 3287 Christo

298 3354 374 3402 non
391 3341 509 3417 erant,
522 3328 594 3400 fuit
612 3327 802 3400 Matthias.
854 3327 1003 3400 Electus
1019 3326 1089 3399 fuit
1106 3325 1179 3397 sic:
1208 3350 1344 3398 conve-

297 3454 433 3516 nerunt
451 3443 489 3515 in
512 3441 715 3514 Jerusalem
731 3440 828 3531 (Act.
847 3440 871 3512 i.
896 3442 955 3531 15)
974 3439 1120 3512 circiter
1138 3450 1287 3512 centum
1305 3451 1345 3513 et

296 3557 427 3653 viginti
440 3555 659 3639 Christiani;
679 3554 838 3650 atquehi
855 3554 964 3647 (vers.
984 3555 1047 3646 23)
1069 3554 1344 3625 constituerunt

297 3672 400 3760 duos,
422 3669 625 3765 Josephum
649 3680 687 3740 et
710 3668 921 3755 Matthiam‚
948 3666 1235 3762 electionemque
1264 3682 1343 3738 sor-

296 3786 394 3858 tibus
437 3783 707 3880 permiserunt;
752 3792 789 3854 et
824 3781 876 3854 sic
911 3780 1155 3877 apostolatum
1189 3780 1343 3853 sortitus

296 3899 487 3986 Matthias
506 3898 602 3969 inter
620 3894 804 3992 apostolos
829 3906 1042 3967 numeratus
1061 3905 1127 3966 est.
1180 3893 1234 3965 Ex
1266 3917 1341 3989 quo

296 4023 451 4100 constat,
470 4009 687 4084 electionem
705 4007 860 4104 apostoli
879 4031 990 4103 penes
1008 4006 1199 4078 ecclesiam
1216 4005 1340 4094 fuisse,

293 4151 369 4198 uon
383 4137 506 4198 autern
525 4147 638 4220 penes
663 4122 812 4194 Petrum
826 4144 945 4216 neque
966 4119 1151 4216 apostolos
1169 4120 1340 4193 undecim

294 4240 466 4334 reliquos.

70 4508 174 4700 N
