2926 4980
137 569 290 622 xxxvm.

142 654 283 689 *w*

113 712 148 757 De
157 715 312 772 significatione

112 791 178 835 quarn
192 780 313 823 habentia

114 843 313 901 ScripturisSacrls

113 907 225 963 moebdn,
233 914 274 954 etc.

325 362 397 429 324
566 374 621 428 nn
640 376 835 430 c1v1raru
855 375 1123 430 curramus.

323 543 470 616 coeleste
487 543 632 640 proprie
649 544 808 630 dicitur;
827 544 924 618 cives
940 556 1063 620 autem
1081 546 1186 642 regni
1207 544 1308 621 illius
1327 547 1368 621 in

324 665 423 729 terra
442 656 636 751 degebant,
661 659 953 754 regebanturque
975 683 997 733 a
1020 659 1089 731 Dei
1122 658 1368 755 vicegerenti-

323 771 403 859 bus,
421 793 552 865 nempe
568 772 684 862 Mose,
701 772 887 860 Eleazaro,
904 772 1119 868 caeterisque
1135 773 1286 846 summis
1299 774 1322 846 J
1324 798 1367 847 u-

325 882 487 957 daeorum
504 885 765 975 sacerdotibus,
784 908 900 981 usque
917 885 965 958 ad
981 881 1148 982 tempora
1171 887 1366 960 Samuelis,

325 997 522 1094 Postquam
538 998 649 1071 etiam
663 998 836 1073 Servator
853 1014 979 1072 noster
987 1021 1054 1094 per
1063 997 1367 1094 pradicationem

325 1111 575 1185 ministrorum
603 1134 751 1184 suorum
776 1112 924 1185 Judaeos
950 1111 999 1185 ad
1025 1110 1272 1185 obedientiam
1294 1111 1368 1184 Dei

324 1223 562 1309 revocaverit,
588 1233 625 1295 et
647 1224 835 1297 vocaverit
855 1235 995 1319 gentes,
1014 1246 1169 1319 regnum
1196 1224 1267 1296 erit
1290 1248 1369 1296 coe-

324 1337 413 1410 leste
443 1359 592 1423 novum,
619 1335 697 1408 sine
727 1337 802 1410 ulla
832 1337 1061 1425 necessitate,
1093 1336 1132 1408 in
1163 1335 1367 1432 Scripturis

323 1459 534 1545 apparente,
560 1472 795 1522 ascensurum
821 1473 899 1522 esse
924 1449 1110 1521 hominem
1135 1448 1184 1521 ad
1208 1447 1367 1523 felicita-

324 1574 401 1637 tem
423 1586 525 1635 suam
549 1561 658 1634 altius
689 1586 798 1657 quam
822 1562 868 1634 ad
890 1584 1078 1634 scamnum
1095 1561 1231 1656 pedum
1249 1561 1367 1658 Regis

325 1675 381 1749 sui
404 1673 570 1748 coelestis.
623 1674 667 1746 In
693 1674 929 1762 contrarium,
952 1673 1130 1769 scriptum
1156 1673 1367 1749 invenimus

327 1788 475 1884 (lohan.
505 1787 556 1860 iii.
577 1786 661 1881 13):
699 1787 798 1883 qnod
828 1810 928 1858 nemo
964 1785 1002 1857 in
1029 1784 1160 1858 coelum
1190 1787 1368 1860 ascendit

317 1908 465 1999 proeler
490 1924 568 1973 eum
592 1899 655 1995 qui
680 1924 705 1971 a
728 1898 823 1973 coelo
846 1898 1051 1987 descendit,
1072 1924 1201 1995 nempe
1226 1897 1366 1974 Filium

325 2013 493 2103 hominis,
504 2013 570 2110 qui
582 2023 640 2085 est
655 2012 693 2085 in
706 2011 811 2086 coelo.
840 2013 934 2086 Item
944 2012 1082 2104 (Actor.
1095 2011 1132 2084 ii.
1143 2012 1206 2106 34)
1217 2011 1265 2084 ad
1277 2038 1364 2108 pro·

323 2126 482 2201 bandam
508 2126 644 2199 Christi
669 2126 930 2213 ascensionem,
947 2137 1055 2198 utens
1079 2124 1199 2196 verbis
1226 2125 1366 2199 Psalm-

324 2241 405 2315 istae
425 2240 533 2334 (Psal.
551 2265 611 2312 xv.
635 2240 720 2333 10):
756 2239 842 2311 Non
858 2237 1047 2337 relinques
1064 2238 1224 2311 animum
1246 2264 1366 2313 meam

324 2355 363 2427 in
380 2355 540 2452 irffervro,
558 2379 625 2426 nec
639 2352 747 2426 dubia
764 2363 930 2425 sanctum
947 2361 1045 2424 tuum
1061 2351 1189 2424 videre
1205 2375 1364 2450 corrup-

325 2467 482 2540 tionem:
513 2466 602 2540 dicit
629 2467 758 2539 Petrus
783 2488 858 2537 non
889 2489 933 2537 ea
967 2464 1012 2537 de
1042 2464 1182 2537 Davide
1217 2464 1283 2537 sed
1318 2466 1364 2540 de

325 2580 471 2654 Christo
502 2579 602 2653 dicta
632 2602 733 2663 esse;
769 2579 929 2675 probans
956 2602 1001 2650 ex
1031 2601 1086 2666 eo,
1116 2578 1214 2672 quod
1243 2578 1365 2651 David

324 2718 394 2766 non
412 2692 585 2765 ascendit
602 2691 640 2764 in
658 2690 798 2764 crelam.
852 2691 924 2763 Sed
940 2690 1026 2763 huic
1044 2691 1125 2764 loco
1143 2691 1365 2786 respondere

324 2805 453 2901 aliquis
469 2805 616 2901 poterit,
631 2805 729 2900 quod
747 2805 815 2877 etsi
829 2827 984 2900 corpora
1001 2828 1127 2877 eorum
1144 2827 1219 2876 non
1236 2828 1364 2877 ascen-

324 2941 409 2989 sura
442 2929 548 2990 erant
582 2918 620 2989 in
650 2918 783 2991 coelum
817 2931 903 2992 ante
939 2918 1035 2991 diem
1066 2918 1196 3012 judicii
1230 2918 1364 3005 ultimi,

323 3029 455 3102 animae
480 3041 604 3103 tamen
624 3054 754 3103 eorum
788 3031 1030 3106 ascenderunt
1057 3031 1163 3103 simul
1188 3042 1299 3126 atque
1317 3055 1364 3103 ex

324 3143 536 3239 corporibus
571 3167 696 3215 eorum
731 3156 962 3217 excesserant
974 3175 983 3227 ;
1026 3143 1124 3239 quod
1154 3145 1364 3216 confirmari

323 3256 468 3331 videtur
499 3279 544 3329 ex
570 3255 690 3328 verbis
721 3256 924 3329 Servatoris
953 3257 1069 3330 nostri
1101 3257 1205 3349 (Luc.
1223 3281 1283 3328 xx.
1303 3264 1363 3345 37,

324 3369 403 3463 38),
422 3368 484 3464 qui
512 3368 672 3464 probans
697 3370 1000 3442 resurrectionem
1023 3394 1067 3442 ex
1092 3368 1212 3442 verbis
1236 3370 1364 3458 MosiS,

322 3481 375 3555 sic
393 3482 503 3564 dicit;
529 3480 703 3553 Mortuos
717 3490 994 3554 resurrecturos
1007 3505 1089 3554 esse
1111 3481 1224 3554 etiam
1240 3493 1362 3556 oslen-

322 3596 382 3669 dit
405 3595 546 3683 Moser,
564 3593 630 3691 qui
653 3594 708 3666 ud
733 3594 860 3667 rubum
878 3594 1072 3667 Dominum
1089 3595 1274 3685 invocans,
1293 3622 1363 3695 ap-

312 3707 441 3804 pellat
470 3707 590 3780 Deum
613 3705 834 3797 Abrahami,
863 3708 982 3780 Deum
1012 3707 1153 3797 Isauri,
1184 3717 1222 3780 et
1242 3709 1363 3781 Deum

320 3820 478 3895 Jacobr':
504 3843 576 3893 non
604 3829 662 3892 est
689 3821 785 3893 enim
817 3821 922 3892 Deus
948 3830 1183 3910 mortuorum,
1211 3821 1282 3893 sed
1308 3820 1362 3893 oi-

319 3933 488 4007 ocntium.
551 3931 625 4004 Sed
650 3932 681 4004 si
707 3934 819 4006 verba
844 3933 906 4006 illa
932 3933 1171 4030 intelligenda
1195 3947 1281 4008 sunt
1315 3936 1361 4008 de

319 4045 592 4119 immortalitate
609 4045 752 4134 animae,
771 4070 847 4119 non
871 4047 909 4119 id
925 4048 1084 4143 probant
1114 4049 1212 4144 quod
1228 4051 1362 4145 proba-

319 4168 398 4232 tum
414 4158 531 4232 voluit
549 4158 729 4247 ChristuS,
747 4182 891 4255 nempe,
909 4161 1213 4235 resurrectionem
1231 4187 1361 4260 corpo-

318 4270 382 4359 ris
413 4296 494 4367 quoe
528 4284 585 4345 est
618 4271 874 4347 immortalitas
908 4274 1077 4349 hominis.
1139 4276 1238 4348 Dicit
1272 4301 1360 4374 ergo
