2926 4980
336 382 389 433 nn
410 382 603 435 crvrrarn
624 383 891 435 cnarsrmrra.
1059 371 1135 437 321·

94 559 226 632 vixisse
244 560 282 632 in
300 562 483 650 Paradiso,
507 564 570 636 ubi
591 587 613 636 a
636 564 714 636 Deo
737 565 783 637 ab
806 564 910 636 initio
932 563 1131 638 collocatus
1170 587 1318 638 xxxrrn.

95 686 186 746 erat.
238 674 282 747 ln
311 675 483 749 Paradiso
511 678 608 750 enim
635 688 713 750 erat
742 676 857 749 arbor
888 677 975 749 vitre
987 705 1001 760 ;
1029 678 1131 772 cnjus
1145 669 1343 787 „efflm

94 809 178 858 esus
205 786 258 858 illi
285 788 425 861 tamdiu
451 790 647 884 permissus
674 801 764 878 erat,
792 790 966 886 quamdiu
992 791 1037 863 ab
1068 813 1130 862 esu
1144 796 1344 906 gpffiffl

95 899 236 973 fructus
253 901 393 973 arboris
410 901 571 974 scientiae
585 903 669 974 boni
685 914 722 975 et
735 901 821 974 mali
836 926 873 975 se
887 902 1131 975 abstinuisset.
1146 876 1308 978 'aalma
1395 952 1400 959 .

98 1012 228 1108 Itaque
247 1036 356 1108 quam
374 1014 531 1108 primum
548 1038 594 1086 ex
609 1015 732 1087 fructu
748 1014 887 1087 arboris
899 1014 1007 1110 hujus
1021 1015 1136 1088 vetito

96 1124 326 1216 comedisset,
353 1128 452 1199 Deus
482 1128 586 1222 (Gen.
605 1128 654 1200 iii.
673 1138 733 1218 22,
752 1128 815 1220 23)
850 1127 951 1200 illum
977 1151 998 1199 e
1026 1127 1135 1200 Para-

96 1237 176 1311 diso
194 1239 344 1334 expulit,
356 1241 519 1337 neforte
533 1240 659 1313 mittat
672 1265 814 1313 manum
831 1264 945 1329 raam,
961 1249 999 1313 et
1015 1249 1136 1313 ramat

94 1350 208 1423 etiam
233 1351 280 1422 de
297 1351 402 1448 ligno
419 1353 517 1442 citae,
536 1362 574 1424 et
587 1353 765 1440 comedat,
779 1362 817 1424 et
839 1350 940 1424 vivat
961 1351 998 1424 in
1022 1360 1135 1423 ceter-

95 1488 189 1535 nam.
242 1463 397 1538 Constat
424 1490 512 1562 ergo
540 1464 722 1538 Adamum
752 1489 827 1537 non
862 1474 1026 1537 creatum
1057 1488 1134 1537 esse

95 1576 338 1650 immortalem
368 1580 502 1651 virtute
532 1590 672 1653 naturae
699 1603 783 1668 suae,
801 1578 865 1651 sed
886 1602 952 1674 per
978 1578 1134 1675 gratiam

95 1690 163 1762 Dei
181 1690 430 1780 adventitiam,
445 1716 587 1788 nempe,
604 1694 737 1765 virtute
755 1692 905 1764 arboris
918 1691 1016 1780 vitre,
1031 1694 1135 1788 cujus

96 1804 311 1877 comedendi
336 1806 423 1878 dum
446 1807 588 1902 copiam
612 1807 774 1894 haberet,
792 1830 865 1878 non
887 1805 1007 1902 potuit
1028 1806 1132 1878 mori.

93 1918 249 1991 Videtur
263 1942 351 2015 ergo
366 1920 540 2009 AdamuS,
555 1921 624 1993 nisi
638 1929 834 2016 peccasset,
846 1919 1007 1991 victurus
1021 1917 1132 1991 fuisse

92 2032 130 2104 in
149 2033 313 2104 terrestri
332 2032 495 2104 Paridiso
511 2034 547 2105 in
562 2046 764 2115 aeternum;
791 2031 1052 2104 mortalitatem
1069 2055 1133 2103 au-

93 2155 168 2216 tem
185 2144 223 2216 in
243 2167 281 2215 se
299 2156 337 2216 et
354 2156 522 2240 posteros
546 2169 629 2217 suos
650 2145 804 2217 intrasse
824 2167 890 2239 per
913 2144 983 2215 hoc
1003 2167 1133 2238 pecca-

93 2266 171 2327 tum
205 2258 283 2352 eJus
318 2257 502 2352 primum;
542 2257 812 2346 mortalitatem,
847 2256 1009 2350 inquam,
1043 2266 1133 2329 tunc

96 2369 218 2442 statim
246 2370 413 2459 intrasse,
442 2393 515 2441 non
544 2379 697 2441 mortem
728 2369 853 2464 ipsam.
905 2367 1006 2440 Vixit
1035 2368 1133 2441 enim

92 2481 202 2576 longo
220 2493 305 2577 post
322 2494 498 2578 ternpore,
523 2505 696 2576 suamque
714 2481 817 2570 vidit,
835 2491 1030 2576 antequam
1054 2506 1134 2554 mo-

94 2605 247 2682 reretur,
262 2594 516 2689 posteritatem
529 2616 770 2665 numerosam.
799 2591 872 2665 llbi
885 2604 1007 2665 autem
1025 2593 1131 2684 (Gen.

93 2707 131 2780 ii.
155 2710 212 2800 17)
235 2707 379 2796 dicitur,
399 2707 437 2778 ia
458 2731 672 2804 quocunque
696 2706 758 2778 die
781 2705 994 2794 comederis,
1017 2730 1063 2777 ec
1090 2729 1132 2777 eo

94 2830 210 2894 morte
223 2820 395 2892 arorieria
407 2848 420 2891 :
438 2818 715 2915 intelligendum
731 2829 797 2908 est,
810 2842 884 2890 non
899 2817 944 2890 de
959 2829 1078 2890 morte
1094 2818 1132 2892 in

93 2933 154 3007 illo
173 2934 243 3023 die,
262 2933 326 3006 sed
350 2933 395 3005 de
421 2933 640 3006 certitudine
662 2932 801 3021 mortis,
820 2931 858 3003 id
878 2943 946 3019 est,
966 2930 1011 3003 de
1035 2955 1132 3003 mor-

93 3047 248 3120 talitate.
301 3047 412 3122 Quod
433 3060 556 3119 autem
583 3069 657 3118 non
681 3045 815 3117 dicitur
832 3044 1042 3139 simpliciter
1058 3068 1133 3116 mo-

94 3159 221 3250 rieris,
235 3159 302 3233 sed
320 3171 437 3232 morte
453 3159 636 3248 morieris,
654 3159 707 3230 ita
723 3156 1000 3253 intelligendum
1018 3167 1074 3229 est
1091 3168 1134 3229 ut

93 3271 356 3368 interpretatur
374 3273 606 3361 Athanasius,
625 3272 772 3368 qnando
802 3271 966 3343 morieris
984 3293 1059 3343 non
1077 3293 1134 3342 rc·

93 3385 257 3459 vivisces.
324 3385 416 3458 Cum
450 3409 537 3482 ergo
571 3386 647 3458 vita
675 3397 813 3458 aeterna
846 3407 911 3480 per
941 3392 1134 3478 peccatum

93 3498 225 3571 amissa
242 3511 348 3587 esset,
366 3497 602 3570 manifestum
620 3510 687 3587 est,
706 3496 805 3593 quod
823 3496 1031 3591 quicunque
1048 3519 1132 3590 pec-

93 3624 215 3685 catum
246 3612 337 3684 illud
371 3611 545 3699 aboleret,
576 3611 689 3682 vitam
721 3609 773 3681 illi
806 3621 994 3695 aeternam,
1025 3631 1134 3702 quam

91 3725 313 3822 perdiderat,
332 3726 568 3797 restituturus
586 3737 694 3796 esset.
747 3721 820 3794 Sed
840 3721 946 3793 Jesus
968 3718 1133 3792 Christus

91 3849 282 3935 peccatum
309 3838 405 3910 illius
435 3848 473 3909 et
501 3837 664 3908 omnium
687 3835 726 3907 in
758 3834 879 3930 ipsum
907 3832 1135 3905 credentium

91 3953 262 4041 abolevit,
280 3962 317 4025 et
334 3951 487 4048 proinde
508 3951 675 4022 omnibus
699 3948 932 4021 credentibus
956 3945 1071 4017 citam
1089 3944 1135 4016 il-

91 4064 167 4138 lam
184 4074 371 4153 aternam,
391 4089 501 4160 quam
518 4062 677 4158 perdidit
698 4061 871 4148 AdamuS,
889 4057 1133 4153 recuperavit,

91 4201 222 4274 nempe
239 4178 353 4250 vitam
371 4177 408 4251 in
435 4176 605 4250 Paradiso
629 4175 801 4247 futuram.
854 4174 898 4244 ln
923 4195 995 4267 quo
1023 4194 1135 4242 sensu

92 4290 219 4364 Sancti
237 4289 339 4362 Pauli
356 4301 456 4363 recte
474 4299 547 4362 stat
564 4287 788 4384 comparatio
806 4286 913 4358 Rom.
927 4310 962 4358 v.
988 4292 1046 4372 18,
1068 4293 1134 4356 19:

196 4424 289 4476 vot..
306 4425 371 4476 111.
1009 4419 1036 4470 Y
