2926 4980
379 394 595 446 Annnnntx
614 393 669 444 an
689 391 944 444 nnvrnrnnn
1112 376 1182 442 555

143 574 186 635 ut
222 560 444 648 haereticam,
489 558 653 655 ejusdem
689 558 868 632 doetrinae
906 558 1187 654 consequentias

144 685 325 772 quotquot
348 674 451 746 nasci
473 696 580 769 posse
597 671 815 768 praevident,
833 671 989 745 totidem
1011 671 1186 745 formulas

145 812 332 886 expressas
349 789 388 860 in
406 786 556 860 decreto
573 787 653 882 ipso
671 787 915 882 perscribunt.

196 901 245 974 Α.
280 901 414 974 Dixisti
444 900 554 973 modo
583 900 810 996 prohibitum
839 899 921 996 lege
947 898 1059 972 finisse
1089 922 1186 972 anno

144 1015 263 1111 primo
288 1014 440 1109 Reginae
461 1013 696 1101 Elizabethae,
715 1036 762 1084 ne
780 1013 843 1107 qui
859 1014 927 1086 sub
943 1012 1007 1085 illa
1024 1013 1188 1108 regimen

145 1128 434 1200 ecclesiasticum
448 1139 674 1215 exercerent,
693 1125 890 1221 quicquam
905 1126 1189 1221 pronuntiarent

147 1265 226 1314 esse
243 1241 411 1329 haeresin,
431 1238 530 1336 quod
555 1262 631 1311 non
648 1249 745 1311 esset
770 1238 816 1310 ab
842 1238 965 1334 aliquo
985 1238 1188 1335 primorum

148 1367 307 1453 quatuor
347 1352 596 1427 Conciliorum
629 1351 857 1449 generalium
891 1351 1189 1426 condemnatum.

149 1471 286 1544 Quaero
303 1468 416 1563 igitur
432 1490 480 1539 an
497 1477 660 1540 rectores
676 1465 729 1539 illi
756 1465 1004 1556 ecclesiastici,
1021 1490 1047 1539 a
1061 1466 1191 1563 regina

147 1592 237 1654 tunc
251 1580 453 1666 constituti,
467 1577 783 1674 promulgaverint
798 1601 867 1674 per
880 1601 1007 1651 omnes
1019 1578 1191 1652 ecclesias

147 1693 387 1791 parochiales
413 1715 582 1787 quaenam
610 1689 789 1764 doctrinae
816 1691 888 1762 illae
916 1703 1032 1781 erant,
1056 1704 1095 1764 et
1119 1691 1193 1765 for·

147 1806 257 1879 mulae
278 1805 489 1895 verborum,
512 1805 644 1900 quibus
670 1803 924 1876 contradicere
953 1805 1110 1900 capitale
1136 1827 1192 1878 es-

148 1921 229 1993 set?
257 1920 343 1992 Non
360 1919 458 1992 enim
476 1918 587 1991 credo
604 1916 772 1989 homines
788 1915 991 2013 imperitos,
1005 1927 1043 1991 et
1059 1920 1192 2015 quibus

148 2033 240 2106 nihil
256 2032 305 2105 ad
321 2032 476 2104 salutem
493 2054 597 2104 suam
623 2029 822 2126 legendum
839 2031 1093 2127 praescriptum
1111 2043 1192 2105 erat

148 2157 283 2244 praeter
300 2145 421 2217 Biblia
438 2144 562 2233 Sacra,
581 2143 765 2238 obligatos
790 2141 902 2217 fuisse
931 2144 1068 2217 habere
1093 2145 1192 2240 apud

149 2284 187 2332 se
202 2256 388 2352 exemplar
405 2256 665 2345 Conciliorum,
678 2255 778 2351 quod
793 2258 918 2330 nescio
936 2281 983 2330 an
1001 2269 1113 2348 extet,
1130 2281 1193 2331 ve-

150 2395 244 2443 rum.
307 2370 403 2443 Sunt
432 2369 531 2442 enim
561 2368 625 2465 qui
649 2379 776 2444 extare
805 2370 869 2443 illa
898 2381 1048 2468 negant,
1075 2384 1120 2445 nt
1146 2373 1192 2446 ab

151 2483 297 2555 Arianis
324 2494 509 2579 corrupta,
536 2495 575 2556 et
600 2484 648 2557 ob
676 2507 757 2558 eam
783 2508 932 2559 causam
956 2509 1152 2582 suppressa
1171 2508 1195 2557 a

151 2596 363 2669 catholicin.

185 2710 250 2781 .B.
277 2709 447 2782 Dubitari
464 2732 539 2782 non
555 2720 678 2806 potest
696 2711 741 2784 de
759 2736 803 2784 ea
816 2724 922 2807 parte
934 2712 1192 2801 Conciliorum,

152 2847 226 2917 qua
255 2823 461 2920 symbolum
489 2824 682 2914 stabilitur,
701 2825 791 2921 quin
810 2850 903 2921 pura
920 2837 1032 2900 extet.
1085 2825 1196 2900 Quod

152 2948 276 3009 autem
293 2937 341 3009 ad
358 2936 623 3032 disputationes
642 2939 738 3012 inter
757 2940 965 3013 Catholicos
983 2953 1021 3013 et
1039 2938 1196 3013 Haereti-

153 3074 216 3122 cos
233 3050 378 3139 attinet,
390 3063 515 3122 utrum
532 3074 677 3147 capara
693 3053 804 3148 periit
818 3077 946 3143 necue,
958 3053 1058 3127 haud
1072 3053 1197 3149 magni

153 3164 320 3236 interest.
373 3164 556 3236 Caeterum
587 3164 687 3259 quod
715 3166 859 3261 quaeris,
884 3181 1008 3239 utrum
1033 3165 1195 3262 promul-

152 3289 250 3373 gatae
278 3288 384 3348 erant
409 3299 475 3372 per
501 3277 673 3350 ecclesias
698 3276 867 3351 formulae
890 3280 1086 3351 verborum
1112 3278 1195 3368 illae,

154 3390 286 3485 quibus
316 3390 382 3461 sub
412 3388 628 3462 Elizabetha
658 3391 870 3463 continetur
897 3392 1058 3480 haeresiS,
1086 3390 1197 3464 nullae

152 3502 396 3599 promulgatae
427 3512 546 3590 erant,
569 3527 616 3576 ne
641 3503 730 3599 ipsae
760 3503 907 3598 quidem
940 3504 1057 3578 literae
1085 3505 1198 3601 regiae

154 3618 350 3714 publicatae
375 3617 536 3704 firerunt,
555 3617 626 3690 nisi
648 3617 760 3712 longo
780 3629 865 3712 post
885 3626 1077 3713 tempore;
1104 3615 1197 3689 adeo

154 3743 196 3804 ut
214 3729 303 3826 quid
320 3741 415 3802 esset
431 3729 593 3814 haeresis,
612 3728 700 3826 quid
716 3753 805 3818 non,
823 3730 908 3802 sciri
925 3754 948 3803 a
963 3753 1027 3803 reo
1044 3755 1118 3804 non
1136 3753 1201 3826 po-

154 3855 251 3917 terat
268 3854 465 3939 antequam
479 3842 665 3916 citaretur.
703 3843 783 3916 Etsi
796 3843 894 3915 enim
910 3856 1062 3939 propter
1074 3844 1200 3916 literas

154 3956 235 4028 illas
254 3957 373 4051 regias
390 3954 540 4027 haeresis
558 3955 736 4029 declarari
762 3956 898 4052 potuit,
921 3956 1095 4052 quicquid
1121 3968 1200 4029 erat

155 4070 208 4141 ita
225 4069 450 4142 declaratum
469 4092 492 4139 a
505 4069 690 4163 praedictis
705 4068 901 4153 Conciliis3
927 4070 1051 4164 potuit
1075 4080 1200 4143 tamen

154 4206 222 4279 per
239 4182 385 4254 easdem
403 4204 479 4252 non
492 4179 682 4255 declarari.
724 4181 998 4277 Negligentiam
1015 4183 1111 4255 hano
1124 4206 1202 4256 rec-

156 4308 279 4369 torum
303 4293 636 4369 ecclesiasticorum
662 4294 729 4368 sub
756 4293 982 4386 Elizabetha,
1002 4296 1101 4392 quod
1118 4296 1201 4371 lite-

1237 592 1314 642 CAP.
1327 592 1366 641 ll.

1227 671 1370 708 ..Ὺ-μ

1229 733 1359 781 neum
