2926 4980
503 377 556 428 nn
576 374 781 429 crvrraru.
1085 358 1157 424 219

120 542 344 627 missionem,
373 564 480 615 omne
507 541 714 615 censebitur
738 563 806 636 pro
831 548 996 635 tempore
1022 536 1158 611 delibe·
1171 569 1369 621 ciaxxvu.

120 654 252 739 randi;
280 655 367 751 quia
381 655 628 750 unusquisque
644 677 711 750 per
735 652 1011 726 meditationem
1036 651 1157 748 legum
1185 650 1342 757 „W

122 769 308 864 corrigere
321 767 447 840 debuit
458 768 667 863 passionum
680 789 828 839 suarum
840 764 1157 862 irregularitatem.
1185 779 1333 887 quexcup

175 880 248 953 Ubi
266 880 326 952 lex
336 879 479 975 publice
490 892 528 953 et
541 877 685 951 assidue
696 901 819 950 coram
830 878 965 974 populo
976 878 1111 974 legitur
1121 889 1160 950 et
1186 855 1360 952 cimai?

124 994 339 1090 explicatur,
351 993 501 1082 crimen,
512 993 611 1089 quod
623 993 665 1064 fit
678 1004 809 1064 contra
820 991 950 1086 legem,
961 992 1078 1087 majus
1091 1002 1160 1079 est,

124 1131 237 1204 quam
254 1106 318 1178 ubi
335 1107 471 1201 absque
488 1106 554 1179 tali
569 1104 813 1178 instructione
838 1104 1094 1200 relinquuntur
1111 1104 1162 1176 ci-

124 1244 201 1310 ves,
213 1243 296 1292 cum
308 1217 532 1309 difficultate,
544 1217 815 1307 incertitudine,
828 1228 865 1290 et
882 1217 1163 1314 occupationum

125 1333 357 1430 propriarum
369 1331 582 1419 cessatione,
596 1355 678 1426 quae
692 1330 765 1403 sint
781 1329 880 1423 leges
897 1330 942 1402 ab
956 1330 1163 1402 hominibus

126 1445 279 1542 privatis
296 1445 496 1540 quaesituri.
547 1444 634 1518 Pars
651 1443 749 1516 enim
772 1442 934 1516 criminis
958 1442 1164 1516 infirmitati

128 1559 314 1632 communi
327 1558 523 1632 tribuenda
544 1570 611 1630 est.
663 1556 736 1629 Sed
753 1556 791 1628 in
808 1579 896 1628 casu
911 1555 1033 1652 priore
1050 1556 1165 1652 negli-

128 1671 256 1767 gentia
284 1672 478 1744 manifesta
502 1681 570 1760 est,
589 1694 671 1766 quae
695 1669 772 1742 sine
798 1692 949 1742 summae
973 1670 1165 1765 potestatis

129 1793 345 1880 contemptu
360 1784 482 1880 aliquo
499 1807 577 1857 esse
593 1807 669 1855 non
685 1792 818 1877 potest.

180 1898 293 1971 Facta
306 1909 434 1970 contra
445 1894 729 1993 legem,disertis
738 1893 858 1966 verbis
871 1894 1033 1978 vetitasi
1042 1904 1166 1967 tamen

130 2037 154 2085 a
169 2011 378 2107 legislatore
403 2010 603 2083 manifestis
630 2007 744 2103 signis
769 2008 881 2080 tacite
907 2009 1166 2104 approbentur,

130 2124 275 2197 minora
291 2136 378 2197 sunt
394 2124 559 2213 crimina,
572 2147 682 2219 quam
699 2122 730 2194 si
742 2122 941 2218 legislatori
958 2121 1168 2194 viderentur

133 2236 337 2333 displicere.
389 2236 481 2309 Cum
511 2236 607 2309 enim
632 2235 861 2332 legislatoris
886 2234 926 2306 id
950 2244 1018 2322 est,
1036 2233 1168 2307 summi

133 2350 359 2445 imperantis,
377 2350 545 2423 voluntas
569 2350 718 2446 cognita
742 2349 858 2422 instar
873 2349 964 2445 legis
982 2348 1041 2437 sit,
1059 2371 1169 2442 quam

134 2464 266 2559 saepius
283 2464 481 2536 observant
497 2463 596 2535 cives
622 2486 732 2557 quam
749 2461 868 2557 legem
885 2462 1080 2557 scriptam;
1106 2484 1170 2555 ap-

134 2588 265 2672 parent
281 2575 320 2648 in
336 2576 407 2648 hoc
426 2599 512 2648 casu
526 2575 608 2648 duae
624 2575 721 2670 leges
733 2575 945 2658 contrariae3
971 2574 1093 2669 itaque
1107 2572 1171 2668 qui

134 2690 253 2785 legem
271 2687 445 2783 scriptam
460 2687 611 2777 violant,
636 2687 799 2759 totaliter
816 2699 1088 2777 excusarentur,
1101 2686 1171 2759 nisi

135 2800 236 2898 quod
258 2801 427 2873 voluntas
454 2801 586 2874 summi
612 2800 823 2896 imperantis
853 2801 960 2873 aliter
989 2825 1100 2896 quam
1126 2824 1171 2873 ex

135 2915 255 2988 verbis
272 2914 363 3011 legis
376 2914 631 3011 cognoscenda
646 2938 721 2987 non
738 2915 798 2987 sit.
850 2914 1033 2988 Quoniam
1050 2925 1172 2987 autem

135 3051 213 3101 non
230 3027 339 3101 modo
356 3028 683 3123 transgressionem
700 3028 803 3124 legiS,
817 3027 883 3100 sed
900 3028 1011 3101 etiam
1027 3028 1172 3123 neglec-

137 3153 216 3214 tam
242 3139 338 3236 regis
366 3139 593 3212 voluntatem
627 3139 859 3234 consequitur
888 3164 998 3235 poeua
1027 3139 1172 3235 aliqua;

137 3251 285 3343 (favoris
298 3252 394 3325 enim
412 3251 504 3348 regii
517 3253 664 3347 jactura
678 3276 788 3347 poena
801 3250 968 3348 quaedam
986 3253 1077 3346 est);
1104 3251 1174 3324 cri-

138 3390 225 3439 men
238 3376 357 3439 totum
371 3364 595 3461 delinquenti
611 3366 784 3462 imputari
801 3365 965 3460 iniquum
983 3378 1050 3438 est.
1101 3365 1174 3437 Ex-

140 3478 251 3575 empli
268 3502 388 3568 causa,
405 3479 644 3574 singularium
668 3479 802 3552 civium
820 3478 1099 3574 digladiationes
1115 3477 1174 3549 lex

140 3593 277 3686 scripta
291 3591 462 3686 prohibet
479 3603 515 3665 et
533 3592 652 3687 capite
669 3592 796 3687 punit;
823 3604 963 3676 contra,
974 3591 1036 3686 qui
1049 3590 1175 3684 hujus-

140 3703 241 3778 modi
257 3714 442 3777 certamen
459 3704 517 3776 vel
534 3715 679 3777 recusat
692 3703 750 3775 vel
768 3703 926 3776 declinat
943 3714 1174 3799 provocatus,

141 3817 368 3913 contemptui
381 3816 548 3905 habetur,
561 3840 680 3913 neque
697 3816 974 3889 existimationis
991 3815 1176 3889 laesionem

141 3931 200 4003 lex
210 3929 285 4002 nlla
297 3929 435 4024 scripta
448 3941 608 4024 reparat;
626 3930 736 4001 etiam
747 3928 941 4023 aliquando
954 3929 1000 4001 ab
1012 3929 1102 4024 ipso,
1114 3928 1177 4022 qni

143 4066 320 4115 summam
344 4042 455 4114 habet
480 4053 713 4137 potestatem,
730 4064 880 4113 munere
903 4041 1003 4114 omni
1029 4040 1178 4113 militari

143 4156 314 4253 indignus
331 4156 570 4228 existimatur.
623 4154 881 4243 Quamobrem,
895 4154 925 4226 si
943 4154 1178 4226 existimatio-

145 4269 202 4340 nis
227 4293 337 4342 causa
359 4267 608 4363 provocationi
635 4267 864 4364 respondeat,
883 4265 1178 4363 quandoquidem
