2926 4980
312 303 384 368 120
699 317 753 369 nn
774 275 956 370 nomina.

119 513 197 562 car.
209 514 269 562 xv.
303 484 554 581 primogeniti
569 493 668 572 ruat,
684 483 746 556 ael
759 494 866 556 sorte
879 485 1101 582 acquisita:
1119 509 1201 581 quae
1219 499 1275 559 est
1291 485 1351 558 lex

123 598 267 710 M
308 605 452 667 naturae
463 595 606 669 decima
623 609 766 692 quarta.

127 720 278 767 mmm
359 708 435 781 lex
454 724 595 783 naturae
618 710 761 783 decima
777 711 908 806 quinta
924 724 993 799 est,
1011 721 1052 783 ut
1068 713 1184 809 pacis
1210 712 1351 784 medio-

311 821 454 894 toribus
473 824 531 896 ire
547 836 586 896 et
602 824 734 897 redire
758 833 840 897 tuto
866 824 993 898 liceat.
1045 825 1121 897 lex
1138 826 1249 914 enim,
1268 850 1351 922 quae

311 935 426 1008 dictat
435 960 565 1031 pacem
576 938 813 1033 qnaerendam
829 959 922 1025 esse,
939 949 983 1010 ut
998 937 1121 1025 finem,
1134 936 1250 1011 dictat
1261 961 1351 1032 quo-

311 1073 382 1144 quc
399 1048 643 1123 mediatorum
660 1051 940 1147 protectionem,
956 1062 999 1123 ut
1016 1051 1123 1123 viam

362 1161 546 1235 Quoniam
563 1178 687 1236 autem
700 1163 797 1235 inter
810 1187 885 1250 eos,
897 1163 961 1258 qni
977 1162 1076 1259 leges
1088 1164 1273 1237 naturales
1286 1165 1352 1237 ob-

312 1289 471 1364 servant,
489 1277 711 1372 questiones
721 1277 824 1350 nasci
833 1291 1000 1373 possunt,
1012 1278 1143 1373 primo,
1153 1302 1200 1350 an
1211 1278 1353 1351 factum

313 1389 361 1460 sit
375 1421 384 1470 ;
411 1389 584 1479 secundo,
604 1391 634 1463 si
650 1391 792 1464 factum
809 1404 877 1480 est,
891 1403 1014 1463 utrum
1028 1392 1112 1486 jure
1131 1416 1178 1464 an
1194 1391 1351 1486 injuria;

314 1526 468 1598 quarum
485 1505 605 1600 prima
622 1503 758 1578 dicitur
782 1505 1033 1577 controversia
1059 1504 1160 1593 facti,
1192 1505 1353 1577 secunda

314 1618 566 1690 controversia
585 1619 704 1713 juris:
732 1619 803 1691 nisi
829 1619 1016 1714 litigantes
1032 1619 1071 1690 in
1089 1620 1271 1692 sententia
1287 1619 1352 1691 ali-

313 1730 417 1823 cujus
444 1731 544 1802 tertii
561 1732 793 1826 acquiescere
811 1745 939 1804 mutuo
956 1732 1199 1827 paciscantur,
1217 1731 1354 1804 bellum

314 1854 450 1914 manet,
494 1843 640 1916 Tertius
658 1857 783 1917 autem
801 1843 948 1916 arbiter
966 1843 1110 1917 dicitur.
1151 1845 1280 1941 ltaque
1293 1846 1352 1919 lex

314 1967 455 2029 naturae
469 1955 613 2030 decima
624 1970 730 2031 sexta
742 1958 850 2031 estin
867 1958 1054 2030 sententia
1069 1957 1210 2030 arbitri
1224 1959 1353 2056 acqui-

315 2093 455 2142 escere.

365 2182 549 2256 Quoniam
580 2198 703 2258 autem
733 2184 985 2280 unusquisque
1014 2185 1053 2256 in
1082 2186 1182 2257 omni
1209 2185 1353 2258 actione

313 2321 380 2370 sua
397 2297 580 2392 respicere
596 2298 689 2371 solet
706 2298 754 2370 ad
778 2298 916 2370 bonum
933 2297 1015 2385 sibi,
1036 2297 1184 2370 arbiter
1201 2297 1355 2370 idoneus

314 2411 353 2483 in
372 2435 487 2483 carro
508 2411 676 2508 proprio
693 2436 796 2483 nemo
813 2421 882 2484 est.
946 2411 1041 2485 (luae
1061 2423 1118 2483 est
1137 2412 1195 2484 lex
1213 2423 1353 2484 naturae

315 2523 458 2597 decima
476 2525 643 2621 septima.

366 2636 518 2733 Propter
528 2637 682 2709 eandem
697 2661 858 2724 causam,
866 2660 944 2734 pro
957 2637 1105 2709 arbitro
1115 2636 1353 2736 recipiendas

315 2774 416 2821 nemo
433 2761 492 2824 est
510 2753 547 2824 in
575 2751 832 2823 controversia
858 2775 1087 2848 qrrocanqae,
1115 2751 1176 2823 cui
1201 2750 1353 2840 lucrato,

317 2863 500 2961 dignitas,
511 2864 573 2937 vel
588 2863 762 2961 voluptas
774 2889 798 2936 o
816 2864 977 2936 victoria
987 2864 1120 2959 portis
1131 2862 1354 2936 alterutrius

315 2977 513 3073 manffeste
529 2980 678 3052 orituro
696 2988 764 3051 est.
809 2978 1063 3073 Corrumpitur
1080 2978 1177 3050 enim
1195 2977 1278 3050 talis
1295 3001 1355 3049 ar-

315 3089 410 3162 biter
427 3115 449 3162 a
465 3103 598 3164 namra
614 3092 783 3164 humana.
838 3092 932 3166 Quae
949 3103 1005 3163 est
1021 3091 1080 3163 lex
1097 3104 1239 3164 naturae
1255 3091 1352 3163 dcci-

316 3226 377 3274 ma
393 3215 535 3277 octava.

366 3314 519 3389 Decima
535 3339 633 3389 riona
650 3317 708 3389 lex
725 3330 869 3390 naturae
886 3329 954 3404 est,
973 3317 1011 3389 in
1028 3317 1232 3414 qtraertioae
1242 3316 1354 3413 facti

306 3427 556 3522 judicandam
587 3453 669 3501 erse
703 3431 900 3504 secandum
929 3439 1057 3502 tester.
1114 3430 1353 3526 Litigantium

316 3542 413 3613 enim
431 3543 495 3614 uni
512 3542 661 3614 credere
677 3544 799 3639 potius
825 3567 934 3639 quam
960 3543 1078 3631 alteri,
1096 3553 1226 3616 contra
1241 3544 1354 3639 aequi-

316 3666 430 3728 tatem
449 3670 515 3746 est,
529 3680 661 3753 nempe
677 3656 798 3753 legem
816 3670 958 3730 naturae
976 3657 1218 3729 undecimam.

367 3768 488 3862 Atque
515 3769 573 3841 hae
600 3780 742 3840 naturae
771 3767 872 3864 leges
902 3781 999 3856 sunt,
1028 3791 1111 3863 quae
1142 3769 1354 3842 conducunt

315 3880 362 3952 ad
381 3880 654 3954 multitudinem
672 3881 862 3954 hominum
890 3884 927 3954 in
944 3905 1035 3977 pace
1053 3882 1352 3954 conservandam.

315 3994 407 4067 Aliae
433 4007 554 4067 autem
572 4019 631 4067 res
649 4008 746 4083 sunt,
766 4019 847 4089 quae
865 3995 912 4066 ad
938 3994 1166 4089 singulorum
1192 3993 1355 4066 destruc·

315 4108 454 4181 tionem
465 4109 634 4196 tendunt,
648 4121 691 4180 ut
702 4131 809 4180 omne
820 4131 936 4203 genus
950 4108 1252 4202 intemperantiae.
1281 4106 1354 4180 Sed

316 4221 402 4316 quia
418 4233 587 4294 naturam
613 4221 840 4294 individuam
862 4233 1039 4316 spectant,
1057 4245 1126 4294 nec
1143 4221 1190 4294 ad
1209 4222 1353 4294 institu-

315 4351 389 4409 tam
410 4334 613 4407 doctrinam
631 4334 829 4429 pertinent,
849 4333 1075 4407 omittantur.
