2926 4980
348 394 402 445 on
423 395 616 446 crvrrarn
637 393 906 445 caniseiane.
1077 376 1148 453 275

106 558 203 632 illius
235 584 308 631 non
336 559 408 633 fuit
434 562 614 657 propheta
643 563 731 657 ipse.
784 561 893 633 Liber
923 561 1035 632 Amos
1062 583 1361 654 pro-cmxxffl

106 671 231 768 phetia
257 673 368 768 ipsius
396 688 461 746 est.
514 675 573 747 An
599 686 723 747 tamen
747 675 793 746 ab
816 674 895 769 ipso
915 675 1071 768 scriptus
1089 672 1149 762 sit,
1162 679 1342 793 1)ρῶ

106 810 182 859 non
200 800 362 881 apparet.
1161 776 1350 872 equrauaiopo]

157 900 346 990 Jeremias,
374 901 511 973 Abdias
537 903 613 974 sive
639 901 811 989 ObadiaS,
835 901 983 972 Nahum
1009 912 1046 971 et
1073 878 1366 1002 Ηα-ᾙζζζῗξζξζ

107 1016 235 1104 bacuc,
253 1016 363 1088 Josiae
388 1017 612 1110 temporibus
639 1016 964 1111 prophetaverunt.
1018 1014 1151 1086 Utrum
1163 1024 1213 1054 ‘¹¹¹⁰
1223 1022 1340 1054 “m

109 1141 231 1201 autem
249 1130 459 1225 prophetias
478 1153 561 1201 suas
580 1131 649 1226 ipsi
674 1129 829 1224 scriptas
846 1127 1050 1214 ediderunt,
1069 1125 1154 1198 sciri

110 1265 183 1313 non
200 1256 335 1337 potest.
398 1241 442 1314 Id
460 1242 557 1336 quod
575 1243 684 1314 etiam
703 1242 748 1313 de
766 1240 969 1327 Ezechiele,
988 1237 1153 1320 Daniele,

109 1354 251 1450 Agge0,
270 1367 307 1426 et
324 1355 512 1443 Zacharia,
530 1356 592 1450 qui
605 1357 777 1428 vixerunt
788 1355 826 1427 in
842 1353 1054 1449 captivitate
1064 1353 1154 1449 ipsa,

111 1467 307 1540 dicendum
325 1481 392 1540 est.

161 1580 319 1656 Quando
330 1592 451 1654 autern
468 1583 781 1679 prophetaverunt
794 1580 876 1654 Joel
891 1593 929 1653 et
940 1578 1155 1667 MalachiaS,

111 1695 336 1790 exipsorum
363 1697 566 1791 prophetiis
591 1720 666 1768 non
690 1708 853 1792 apparet.
906 1694 1156 1766 Veruntamen

111 1807 344 1879 manifestum
361 1810 449 1880 satis
466 1821 521 1880 est
532 1808 674 1880 Veteris
687 1807 913 1881 Testamenti
928 1806 1156 1907 Scripturam

113 1933 239 2009 totam,
259 1946 302 1994 ea
328 1921 448 1994 forrna
475 1946 584 2016 quam
607 1946 705 1994 nune
730 1921 906 2007 videmuS,
925 1943 1043 2016 neque
1071 1931 1156 1990 ante

112 2033 271 2107 reditum
289 2060 311 2107 a
328 2036 540 2131 captivitate
553 2036 787 2132 Babylonica,
802 2058 921 2129 neque
934 2046 1019 2129 post
1034 2032 1156 2104 Ptolo-

112 2147 196 2219 maei
219 2147 445 2244 Philadelphi
469 2160 635 2242 tempora
662 2147 798 2219 editam
824 2147 946 2218 fuisse.
1000 2141 1109 2226 Quod
1126 2142 1157 2213 si

112 2261 215 2334 libris
232 2261 358 2334 Esdrae
377 2261 608 2357 Apocryphis
626 2260 716 2332 fides
738 2258 907 2332 habenda
930 2258 988 2347 sit,
1007 2257 1053 2329 ab
1077 2256 1157 2351 ipso

114 2373 230 2445 Esdra
256 2372 355 2445 edita
379 2386 458 2454 est;
496 2397 581 2445 nam
600 2381 621 2444 4
640 2372 726 2445 Esd.
744 2372 816 2444 xiv.
836 2381 897 2460 21,
916 2381 977 2459 22,
1005 2380 1075 2442 etc.
1103 2369 1154 2441 sic

113 2486 307 2559 scribitur:
339 2485 519 2570 Quoniam
547 2484 608 2557 lea
635 2495 700 2557 tna
723 2484 874 2556 incensa
896 2493 965 2571 est,
988 2490 1155 2579 propter

113 2599 216 2695 quaet
230 2622 330 2670 nemo
344 2598 416 2669 scit
433 2622 516 2693 ques
530 2622 554 2669 a
566 2607 604 2669 te
606 2597 728 2693 facta
745 2604 842 2685 sunt,
854 2594 915 2668 vei
930 2619 1009 2691 qua
1020 2593 1155 2690 incipi-

114 2719 176 2782 ent
192 2734 310 2807 opera
322 2738 335 2781 :
361 2710 396 2781 si
419 2709 539 2781 inueni
566 2710 603 2781 in
622 2718 659 2780 te
674 2708 857 2805 gratiam,
877 2706 1030 2780 immitte
1047 2704 1084 2777 in
1101 2729 1158 2776 me

115 2824 300 2921 Spiritum
315 2824 503 2910 Sanctum,
522 2832 559 2894 et
582 2821 745 2893 scribam
768 2845 870 2893 omne
887 2819 990 2919 quod
1001 2820 1157 2917 factum

114 2938 221 3010 estin
233 2937 357 3009 seculo
371 2936 420 3009 ab
434 2936 638 3032 initiaque
650 2944 760 3007 erant
775 2935 812 3007 in
823 2935 909 3033 lege
921 2943 986 3005 tua
997 2931 1158 3028 scripta,

113 3060 155 3122 ut
166 3052 318 3148 possint
335 3049 499 3124 homines
517 3049 681 3121 inuenire
697 3048 876 3136 semitam,
895 3057 933 3119 et
957 3046 1022 3143 qui
1039 3043 1100 3117 eol
1143 3088 1158 3100 ·

114 3164 192 3236 rint
209 3165 332 3236 uiuere
350 3165 388 3236 in
406 3163 626 3251 nouissimis,
645 3162 780 3235 uiuant.
833 3160 974 3233 Deinde
987 3182 1080 3231 vers.
1095 3166 1157 3245 45,

115 3286 175 3349 46.
227 3277 282 3348 Et
301 3276 457 3372 factum
485 3284 553 3364 est,
580 3300 659 3348 cum
686 3273 966 3372 complevissent
992 3270 1159 3368 quadra-

112 3390 225 3488 ginta
244 3389 336 3477 dies,
356 3388 529 3484 loquutus
540 3398 598 3460 est
608 3387 827 3459 Altissimus
846 3388 973 3460 dicens
984 3413 997 3457 .·
1017 3383 1158 3481 priora

115 3526 199 3597 qua>
211 3500 415 3596 scripsisti,
430 3499 725 3596 inpalampone,
739 3509 776 3572 et
791 3498 923 3597 legant
934 3496 1044 3595 digni
1054 3506 1092 3567 et
1104 3495 1159 3566 in-

116 3614 253 3711 dign,-
279 3613 493 3686 nooissimos
508 3623 627 3684 antem
645 3613 891 3710 septuaginta
909 3608 1157 3695 conservabis,

115 3737 157 3799 ut
174 3728 310 3800 tradas
324 3751 386 3798 eos
404 3726 641 3822 sapientibus
659 3726 706 3798 de
716 3725 861 3823 populo
880 3735 954 3797 tua.

167 3841 370 3935 Scriptores
386 3839 611 3912 Testamenti
627 3839 721 3911 Novi
735 3840 905 3911 aixerunt
922 3859 1048 3908 omnes
1065 3848 1157 3907 tem-

115 3977 204 4050 pore
218 3954 331 4049 ipsius
345 3953 494 4041 Christi,
506 3965 554 4040 et,
570 3953 732 4049 exceptis
745 3953 857 4025 Paulo
870 3963 908 4023 et
927 3951 1037 4038 Luca,
1055 3949 1158 4020 illum

116 4066 295 4140 viderant.
347 4068 507 4162 Tempus
527 4079 662 4155 autem,
674 4067 712 4139 in
734 4091 806 4161 quo
823 4062 1047 4138 Testamenti
1061 4060 1158 4134 Novi

116 4181 200 4255 libri
218 4182 376 4277 primum
393 4181 439 4254 ab
458 4179 612 4253 ecclesia
626 4204 693 4275 pro
711 4180 871 4276 ipsorum
885 4175 1029 4272 seriptis
1041 4174 1157 4270 agniti

117 4308 156 4367 et
188 4295 327 4391 recepti
358 4308 455 4380 sunt,
487 4307 652 4389 tempore
686 4291 936 4390 apostolorum
969 4289 1156 4385 aliquanto

969 4424 1023 4476 aa
