2926 4980
297 324 346 390 28
692 338 746 390 on
767 339 951 390 nomme.

296 505 378 578 fieri
395 504 517 579 solent
531 504 700 578 homines
718 503 913 600 insigniter
925 504 1121 600 sapientes,
1131 526 1265 600 neque,
1276 503 1347 576 nisi

299 619 358 692 oui
375 618 471 691 forte
488 618 617 692 morbo
630 617 690 691 vel
706 642 822 715 prava
839 618 1103 692 constitutione
1122 639 1346 713 organorum

255 718 260 726 ⁴
297 732 440 804 animus
457 731 567 805 laesus
585 732 645 822 sit,
663 731 858 829 insigniter
875 732 991 805 stulti.
1043 731 1232 804 Vocabula
1248 730 1347 804 enim

297 845 518 939 sapientium
535 844 685 941 quidem
703 845 836 919 calculi
854 858 941 919 sunt
954 845 1086 942 quibus
1104 855 1345 941 computant;

296 957 494 1030 stultorum
518 970 643 1030 autem
660 958 814 1045 nummi,
833 958 1004 1031 aestimati
1022 957 1261 1053 impressione
1278 956 1347 1028 ali-

297 1072 402 1167 cujus
414 1072 563 1145 nomine
577 1072 725 1161 celebri,
737 1083 782 1144 ut
792 1071 1005 1145 Aristotelis
1015 1071 1074 1144 vel
1088 1071 1276 1144 Ciceronis
1286 1070 1346 1143 vel

296 1185 505 1280 Aquinatis,
523 1185 661 1258 aliusve
680 1185 843 1259 doctoris
860 1187 1113 1282 cujuscunque
1127 1184 1293 1258 humani.

346 1297 424 1370 Rea
441 1297 632 1370 nominata
649 1309 718 1387 est,
737 1321 966 1394 quaecunque
985 1298 1142 1395 cogitari
1154 1298 1212 1371 vel
1229 1298 1267 1370 in
1286 1322 1346 1370 ra-

295 1411 534 1484 tiocinatione
560 1410 787 1484 considerari
812 1422 948 1507 potest,
967 1411 1043 1484 sive
1060 1410 1167 1484 alteri
1184 1410 1271 1484 addi
1296 1411 1344 1487 ad

296 1525 564 1598 conficiendam
578 1548 769 1615 summam,
781 1525 840 1598 vel
852 1524 960 1598 alteri
974 1524 1170 1597 substrahi.
1221 1523 1344 1596 Latini

295 1637 465 1710 rationes
498 1647 634 1710 vocant
666 1637 809 1711 libellos
842 1638 1009 1734 pecuniae
1039 1649 1274 1733 computatae,
1306 1648 1344 1710 et

295 1753 609 1849 computationem
632 1754 749 1850 ipsam
765 1754 1102 1843 ratiocinationem,
1122 1764 1158 1826 et
1176 1753 1225 1842 id,
1244 1753 1345 1850 quod

294 1890 364 1940 nos
374 1867 413 1938 in
426 1865 632 1939 rationibus
643 1867 869 1963 appellamus
880 1867 980 1955 item,
992 1866 1044 1938 illi
1057 1891 1185 1939 nornen
1195 1880 1343 1939 vocant.

295 1979 419 2075 Atque
450 1977 537 2051 inde
562 2003 635 2052 vox
660 1980 763 2051 ratio
789 1993 943 2052 extensa
968 1989 1024 2051 est
1049 1978 1098 2050 ad
1126 1979 1344 2052 facultatem

295 2091 535 2187 computandi
558 2090 597 2163 iu
623 2092 732 2164 rebus
758 2090 913 2164 caeteris.
965 2091 1103 2164 Graecis
1124 2091 1344 2164 vocabulum

293 2228 410 2277 unum
436 2204 541 2300 λόγος
567 2202 752 2298 significat
783 2216 822 2275 et
847 2227 1055 2277 sermonem
1082 2215 1120 2276 et
1144 2203 1343 2288 rationem;

293 2341 369 2390 non
387 2341 445 2406 eo,
460 2316 560 2412 quod
577 2327 751 2412 putarent
767 2316 910 2388 nullum
928 2340 1008 2389 esse
1031 2340 1237 2390 sermonem
1262 2316 1343 2389 sine

292 2431 448 2520 ratione,
463 2430 529 2503 sed
542 2429 681 2503 nullam
692 2429 873 2503 rationem
886 2430 966 2502 sine
982 2454 1164 2504 sermone.
1203 2430 1341 2503 Actum

292 2558 418 2617 autem
434 2542 679 2617 ratiocinandi
696 2543 871 2617 dixerunt
887 2542 1151 2640 syllogismum,
1170 2568 1252 2639 quae
1271 2568 1341 2617 vox

293 2658 478 2754 significat
495 2656 769 2751 consequentiae
783 2655 873 2728 dicti
889 2657 998 2729 unius
1011 2656 1059 2729 ad
1076 2656 1234 2730 alterum
1251 2681 1341 2730 cou-

287 2771 528 2868 junctiouem.
582 2769 655 2842 Sed
682 2769 767 2866 quia
793 2768 932 2842 eaedem
958 2794 1016 2843 res
1042 2770 1080 2842 iu
1105 2770 1267 2844 rationes
1286 2772 1341 2844 in-

291 2883 461 2956 feruntur
477 2895 630 2978 propter
642 2882 788 2955 diversa
800 2882 1017 2972 accidentia,
1032 2908 1159 2955 earum
1176 2885 1339 2973 nomina,

291 2996 340 3070 ad
366 2993 617 3069 diversitatem
644 2995 744 3067 illam
774 2994 1065 3090 significandam,
1093 2995 1338 3069 diversimodo

291 3107 425 3182 variari
442 3116 480 3179 et
497 3108 664 3202 torqueri
681 3107 812 3179 solent.

341 3219 544 3295 Diversitae
578 3232 703 3292 autem
733 3219 924 3292 nominum
949 3220 998 3294 ad
1023 3231 1183 3316 quatuor
1216 3221 1340 3317 capita

290 3332 479 3433 generalia
494 3332 622 3405 reduci
637 3342 774 3428 potest.

341 3448 477 3535 Primo,
494 3469 553 3519 res
578 3445 702 3541 aliqua
726 3446 766 3519 in
791 3445 952 3519 rationes
977 3445 1122 3543 ingredi
1147 3458 1270 3543 potest
1296 3460 1339 3520 ut

291 3560 447 3635 materia
459 3561 535 3634 sive
554 3583 699 3656 corpus,
713 3561 780 3633 sub
794 3560 942 3633 nomine
955 3560 1123 3649 uiuentis,
1134 3561 1339 3651 sensibilis,

291 3673 508 3762 rationalis,
526 3671 659 3759 calidi,
670 3672 840 3772 frigidi,
859 3673 960 3763 moti,
978 3673 1227 3771 quiescentis;
1254 3699 1338 3772 quae

290 3786 443 3860 uomina
459 3786 670 3883 significant
687 3787 880 3859 materiam
897 3787 973 3860 sive
991 3811 1136 3884 corpus.

342 3897 525 3984 Secundo,
552 3922 611 3971 res
636 3899 761 3995 aliqua
788 3899 927 3973 intrare
959 3901 997 3972 in
1024 3901 1186 3974 rationes
1216 3913 1339 3997 potest

290 4021 441 4108 propter
450 4011 621 4084 accidens
631 4011 690 4085 vel
708 4011 935 4107 qualitatem,
947 4037 1058 4109 quam
1075 4014 1128 4087 illi
1146 4014 1200 4087 rei
1218 4015 1338 4087 inesse

243 4142 246 4146 “
291 4124 511 4219 cogitamus3
528 4137 572 4197 ut
585 4124 672 4220 quia
683 4135 860 4213 novetur,
874 4126 933 4200 vel
951 4129 1199 4224 quantitatem
1213 4127 1337 4216 habet,

291 4237 349 4309 vel
377 4236 463 4334 quia
489 4237 601 4328 calet,
630 4252 701 4312 etc.
753 4239 847 4312 Tam
873 4264 961 4313 vero
987 4265 1122 4314 nomeu
1148 4241 1261 4337 ipsius
1284 4242 1338 4314 rei
