2926 4980
366 342 439 409 428
608 357 662 408 nn
681 356 875 410 crvrrarn
896 359 1166 413 cismarinus.

166 557 243 607 cip,
257 557 342 611 xm,
365 538 422 598 tes
438 548 563 597 earum
582 524 736 598 diversae
754 539 839 600 sunt
857 549 1035 621 persona,
1063 527 1127 624 qui
1151 526 1266 624 loqui,
1285 550 1410 625 agere,

179 641 330 759 m
366 638 567 727 consulere,
586 651 656 726 ete,
674 650 839 735 possunt,
864 638 960 713 sicut
984 639 1151 713 homines
1177 640 1411 736 singularem

178 765 330 812 calcantes
366 751 405 823 id
423 749 522 847 quod
539 751 692 824 ecclesia
708 751 922 825 universalis
937 752 1060 826 facere
1076 777 1151 826 non
1168 766 1306 849 potest,
1326 755 1412 851 quia

365 890 558 963 personam
585 867 909 963 representativam
936 866 974 939 in
998 877 1099 940 terra
1115 866 1254 940 nullam
1270 867 1410 953 haben

366 1003 451 1052 nam
469 980 499 1052 si
517 980 680 1069 haberet,
695 979 846 1052 dubium
863 980 1005 1053 nullum
1029 990 1137 1069 esset,
1156 980 1247 1076 quin
1262 979 1330 1053 illa
1344 1005 1411 1078 po

366 1104 536 1166 testatem
548 1093 700 1166 haberet
711 1116 778 1189 per
788 1103 907 1166 totum
919 1093 1302 1167 orbemChristianum
1313 1117 1412 1167 sum·

367 1230 476 1294 marn,
510 1217 590 1278 tum
620 1205 845 1302 spiritualem
878 1218 956 1280 turn
988 1207 1240 1304 temporalem.
1310 1208 1412 1306 Papa

367 1330 501 1407 antem,
519 1330 561 1390 ut
573 1319 622 1391 sit
637 1342 794 1415 persona
810 1320 902 1409 haeo,
921 1320 1038 1393 tribus
1055 1332 1157 1394 earet
1173 1321 1298 1409 rebus,
1317 1344 1411 1417 quas

367 1431 419 1504 illi
431 1433 604 1505 Servatur
617 1445 742 1505 noster
756 1456 830 1505 non
843 1432 956 1522 dedit,
969 1457 1100 1530 nempe
1102 1436 1170 1529 jus
1181 1433 1410 1530 imperandi,

357 1546 426 1641 jus
435 1543 651 1639 judicandi,
671 1559 710 1618 et
718 1547 786 1640 jus
797 1546 994 1643 puniendi.
1046 1547 1165 1619 Etiam
1189 1546 1289 1634 dato,
1308 1546 1410 1643 quod

369 1657 466 1753 Papa
479 1657 577 1730 solus
593 1671 688 1731 esset
696 1658 835 1731 Christi
849 1660 885 1731 in
898 1671 998 1733 terra
1011 1660 1179 1751 vicarius,
1193 1685 1269 1734 non
1281 1672 1409 1735 tamen

367 1770 581 1843 vicariatum
599 1771 701 1843 illum
720 1772 850 1867 exequi
864 1773 947 1868 jure
961 1784 1096 1869 posset,
1108 1790 1306 1869 antequam
1322 1775 1409 1848 Ser-

366 1897 472 1958 vator
506 1895 632 1957 noster
665 1886 703 1957 in
738 1885 796 1957 die
831 1884 960 1958 ultimo
997 1897 1216 1981 regnaturus
1250 1889 1407 1962 venerit.

366 1999 488 2072 Etiam
523 2013 612 2073 tunc
645 2024 720 2072 non
757 2000 865 2094 Papa,
892 1999 956 2072 sed
987 1999 1064 2094 ipse
1092 2001 1129 2072 S.
1156 2000 1287 2073 Petrus
1318 2025 1407 2075 cnm

366 2114 507 2185 caeteris
520 2112 693 2209 apostolis
712 2112 887 2184 mundum
901 2111 1132 2207 judicaturus
1146 2124 1215 2186 est.

414 2226 631 2320 Argumenti
665 2226 774 2320 hujus
809 2248 911 2296 error
945 2225 1038 2298 alter
1072 2239 1139 2315 est,
1171 2224 1271 2320 quod
1307 2227 1409 2302 dicat

364 2340 527 2411 membra
543 2338 765 2433 reipublicae‚
784 2339 877 2411 sicut
892 2339 1056 2434 corporis
1080 2339 1270 2429 naturalia,
1288 2365 1406 2415 unum

363 2453 410 2525 ab
428 2452 544 2524 altero
556 2450 773 2546 dependere.
827 2451 937 2525 Quod
951 2450 1098 2546 quidem
1113 2453 1211 2524 inter
1225 2476 1264 2524 se
1283 2454 1406 2529 cohae·

363 2576 479 2654 reant,
507 2590 580 2637 non
605 2565 812 2660 negabitur.
879 2565 953 2637 Sed
970 2565 1179 2661 dependent
1196 2567 1242 2639 ab
1261 2590 1306 2640 eo
1325 2568 1403 2641 solo

364 2680 426 2774 qui
453 2703 632 2752 summam
667 2679 778 2751 habet
805 2689 1036 2773 potestatem,
1055 2679 1178 2768 idest,
1204 2680 1251 2752 ab
1281 2681 1406 2755 anima

363 2791 584 2888 reipublicae,
604 2815 677 2886 qua
694 2790 886 2863 deficiente
905 2790 1092 2880 deficiunt,
1107 2793 1160 2865 ita
1178 2804 1283 2865 utne
1310 2818 1405 2867 unus

364 2904 627 2998 quidemhomo
639 2928 722 2976 curn
734 2905 850 2976 altero
864 2905 1046 2977 cohaereat
1056 2917 1208 3001 propter
1219 2905 1405 2980 defectum

365 3019 496 3089 summi
514 3016 738 3113 imperantis
750 3041 772 3088 a
787 3040 859 3112 qno
871 3017 994 3089 cuncti
1008 3017 1115 3090 simul
1129 3018 1403 3113 dependerent3

364 3155 437 3203 non
463 3131 569 3202 aliter
587 3155 698 3223 quarn
719 3131 883 3202 membra
900 3131 1064 3226 corporis
1089 3132 1267 3205 naturalis
1291 3135 1404 3206 resol-

363 3256 497 3316 vuntur
526 3244 564 3315 in
593 3256 740 3331 terram,
771 3242 916 3315 defectu
947 3244 1078 3316 animae
1105 3269 1187 3339 quae
1203 3245 1267 3318 illa
1284 3248 1403 3321 conti-

363 3370 478 3430 neret.
531 3358 574 3429 In
599 3358 669 3429 hac
687 3381 775 3452 ergo
794 3357 1031 3430 similitudine
1048 3358 1140 3430 nihil
1157 3369 1215 3430 est
1231 3360 1330 3432 unde
1348 3361 1404 3434 in·

361 3470 520 3543 ferretur
537 3471 662 3566 populi
680 3470 925 3566 dependentia
951 3494 973 3541 a
999 3470 1109 3558 clero,
1129 3469 1187 3542 vel
1216 3471 1403 3547 ministro-

363 3609 445 3657 rum
471 3584 729 3681 temporalium
756 3609 778 3656 a
807 3582 1069 3680 spiritualibus,
1088 3582 1153 3655 sed
1170 3586 1362 3659 amborum
1381 3611 1404 3659 a

363 3723 505 3771 summo
523 3698 748 3793 imperante:
768 3698 830 3792 qui
848 3697 993 3792 quidem
1012 3697 1122 3792 leges,
1137 3721 1226 3792 quas
1238 3698 1342 3789 facit,
1354 3698 1402 3773 ad

363 3813 518 3885 salutern
543 3812 746 3883 animarum
765 3810 873 3883 debet
898 3809 1077 3904 dirigere;
1106 3809 1171 3882 sed
1199 3835 1273 3884 non
1303 3812 1400 3903 ideo,

364 3926 535 4021 cuiquam
553 3924 720 3998 subditus
739 3936 793 3996 est
810 3935 1056 4019 praeterquam
1074 3924 1143 4019 ipsi
1161 3923 1252 3997 Deo.
1305 3927 1399 4000 Eva-

364 4041 480 4112 nescit
507 4063 594 4134 ergo
625 4037 903 4133 parallogismus
931 4038 991 4109 hic
1019 4037 1244 4129 Bellarmini,
1277 4039 1401 4114 elabo-

363 4164 465 4224 ratus
479 4152 525 4224 ad
544 4152 800 4248 decipiendum
811 4151 903 4239 illos,
917 4151 979 4246 qui
990 4151 1215 4246 distinguere
1230 4154 1402 4227 nesciunt

364 4265 460 4338 inter
486 4265 821 4339 subordinationem
846 4265 981 4339 artium
999 4263 1045 4337 ad
1062 4266 1184 4354 finem,
1203 4278 1240 4338 et
1258 4267 1402 4361 subjec-
