2926 4980
522 350 577 402 nu
595 348 781 403 nummu.
1101 329 1170 396 109

118 527 164 590 nt
189 517 355 614 pretium
379 517 645 646 redemptionis
669 527 754 614 post
774 516 905 604 solvat,
923 513 1064 587 solvere
1081 510 1174 585 obli·
1203 545 1281 597 eff,
1296 545 1339 595 xr

121 642 247 728 gutur.
300 631 424 705 Etiam
448 631 619 728 princeps
650 656 736 704 cum
765 628 933 725 principe
961 626 1114 700 fortiore
1144 623 1339 696 siff
1187 693 1222 737 m
1232 693 1263 736 r
1264 693 1320 736 mh
1292 705 1339 749 ml

122 768 257 872 pacem
273 745 547 819 incommodum
569 756 671 819 metu
686 743 827 831 fecerit,
842 743 1035 815 observare
1053 739 1229 827 debeam
1210 757 1339 814 'locutu-1

124 857 213 945 uisi,
231 869 275 930 ut
290 856 544 953 supradictum
562 871 630 943 est,
647 881 759 930 causa
775 856 896 952 aliqua
912 878 1008 927 nova
1020 864 1058 926 et
1076 822 1254 949 justatlmh
1188 823 1339 933 maduit„

126 971 284 1058 oriatur,
303 994 386 1066 quae
403 983 564 1044 excuset.
603 970 724 1044 Item
714 995 755 1042 m
771 969 932 1055 civitate,
946 967 979 1040 si
995 991 1018 1039 a
1033 966 1178 1039 latrone

127 1084 246 1157 vitam
279 1084 459 1156 redimere
485 1084 665 1180 promissa
693 1082 852 1179 pecunia
881 1090 1030 1154 coactus
1059 1079 1178 1166 fuero,

129 1195 344 1295 praestauda
369 1197 528 1292 pecunia
552 1209 621 1286 est,
644 1196 716 1269 nisi
744 1196 804 1269 lex
828 1194 943 1268 civilis
971 1192 1177 1290 prohibeat.

132 1309 322 1405 Quicquid
331 1309 431 1382 enim
443 1309 565 1382 facere
575 1309 718 1382 licitum
732 1318 788 1381 est
803 1332 880 1381 nou
893 1306 1069 1403 obligato,
1080 1305 1179 1378 idem

132 1423 233 1496 licite
250 1421 389 1520 pacisci
401 1446 553 1518 possum
568 1433 720 1519 propter
736 1433 887 1494 metum.
926 1419 1037 1494 Quod
1053 1429 1179 1492 autem

137 1536 280 1609 licitum
298 1548 357 1607 est
373 1536 522 1631 pacisci,
539 1535 710 1608 illicitum
727 1545 874 1607 estnon
891 1543 1078 1629 praestare.

1269 827 1335 873 unct

184 1651 340 1723 Pactum
361 1648 464 1743 prius
488 1649 671 1744 posterius
688 1647 888 1720 invalidum
905 1645 1038 1719 reddit.
1088 1646 1180 1719 Jure

134 1764 246 1851 enim,
264 1760 365 1858 quod
382 1761 464 1858 quis
481 1762 672 1834 transtulit
688 1761 811 1851 hodie,
829 1784 909 1833 cras
926 1759 1078 1833 carebit.

185 1875 225 1948 Si
242 1874 324 1970 quis
350 1898 389 1947 se
413 1874 574 1970 seipsum
600 1899 677 1947 non
702 1874 938 1947 defensurum
954 1897 1032 1946 csse
1050 1885 1182 1947 contra

135 1989 207 2063 vim
232 1988 455 2085 paciscatur,
482 2000 632 2084 pactum
658 1988 860 2061 invalidum
884 1998 951 2061 est.
1002 1987 1111 2075 Nam,
1137 1998 1182 2060 ut

135 2116 221 2175 ante
233 2112 423 2176 ostensum
436 2114 504 2190 est,
515 2105 576 2199 jus
590 2126 629 2175 se
644 2101 865 2175 defendendi
879 2114 1010 2176 contra
1021 2113 1181 2175 mortem

136 2218 371 2305 intentatam,
384 2215 549 2305 vulnera,
561 2215 905 2305 incarcerationem,
919 2240 1073 2312 quorum
1083 2213 1183 2311 fugi-

137 2329 317 2402 endorum
330 2351 441 2401 causa
451 2330 512 2425 jus
524 2328 564 2401 in
578 2329 701 2402 omnia
714 2328 882 2401 naturale
896 2328 1103 2425 depositum
1113 2338 1182 2414 est,

138 2442 321 2538 deponere
339 2465 448 2514 nemo
465 2453 601 2538 potest.
653 2443 750 2515 Nam
768 2443 838 2516 etsi
854 2443 985 2538 aliquis
1002 2453 1103 2515 recte
1119 2464 1185 2538 pa·

138 2556 226 2629 cisci
247 2554 365 2652 possit
389 2556 455 2644 sic,
472 2555 548 2627 nisi
571 2555 640 2628 loc
656 2555 717 2629 ael
742 2554 844 2629 illud
852 2556 1005 2653 fecero,
1025 2555 1184 2638 occide:

140 2667 274 2765 pacisci
290 2680 416 2741 tamen
433 2692 509 2740 non
525 2678 648 2763 potest
672 2667 736 2757 sic,
754 2667 829 2740 nisi
846 2668 915 2740 hoc
931 2667 993 2740 oel
1008 2666 1108 2741 illud
1113 2666 1185 2765 se-

140 2805 238 2871 cero,
266 2780 436 2853 occisuro
464 2804 536 2852 noa
565 2780 753 2853 resistam.
805 2779 919 2875 Eligit
949 2780 1046 2852 enim
1072 2781 1186 2854 homo

142 2893 360 2966 naturaliter
377 2893 498 2966 miuus
517 2894 664 2982 malum,
681 2893 721 2965 id
746 2905 802 2966 est
818 2894 1023 2989 periculum
1039 2919 1062 2967 a
1077 2895 1186 2967 resis-

143 3007 270 3095 tentia,
286 3006 411 3102 potius
429 3031 539 3102 quam
563 3008 700 3080 malum
724 3010 854 3102 majus,
880 3030 1012 3103 nempe
1029 3019 1187 3083 mortem

144 3133 294 3194 certam.
346 3121 471 3216 Atque
488 3121 569 3193 haec
589 3132 727 3194 norunt
740 3144 866 3193 omues
884 3121 947 3216 qui
965 3122 1187 3196 condemna-

143 3245 200 3308 tos
210 3235 286 3307 sive
300 3233 348 3306 ad
360 3257 546 3307 carcerem
559 3234 635 3307 sive
649 3234 699 3307 ad
710 3245 866 3307 mortem
877 3236 1010 3309 armati
1021 3236 1173 3308 ducunt.

194 3347 333 3443 Siquis
358 3347 566 3443 paciscatur
588 3349 748 3444 seipsum
774 3371 959 3434 accusare,
976 3349 1047 3421 nisi
1065 3360 1187 3421 certus

145 3461 261 3532 veniae
278 3460 355 3547 fiat,
371 3471 522 3555 pactum
546 3461 748 3535 invalidum
771 3473 838 3533 est.
889 3460 987 3533 Nam
1004 3461 1043 3533 in
1061 3461 1189 3534 condi-

147 3572 245 3646 tione
263 3583 406 3646 naturae
423 3574 488 3646 ubi
504 3598 580 3647 non
597 3584 683 3647 sunt
696 3573 847 3669 judicia,
866 3574 988 3647 nullus
1005 3585 1062 3647 est
1079 3599 1189 3647 accu-

148 3685 348 3759 sationibus
357 3686 473 3759 locus.
501 3688 544 3760 In
556 3697 789 3760 statuentem
800 3686 1190 3777 civili,accusationem

149 3799 314 3894 sequitur
330 3799 572 3895 supplicium
591 3800 662 3888 cui,
674 3824 759 3872 cum
776 3800 825 3873 sit
840 3800 907 3886 vis,
924 3824 1032 3874 nemo
1050 3800 1190 3897 obliga-

150 3923 210 3983 tur
222 3936 298 3984 non
314 3913 496 3986 resistere.
547 3913 651 3986 Idem
666 3937 795 3986 verum
818 3926 874 3986 est
891 3913 938 3986 de
956 3914 1189 3989 accusatione

149 4048 275 4098 eorum
293 4050 450 4122 quorum
468 4026 774 4100 condemnatione
797 4027 1014 4122 conjicimur
1027 4028 1066 4099 in
1082 4029 1190 4101 mise·

150 4137 255 4224 riam,
281 4139 407 4234 quales
432 4150 518 4212 sunt
545 4151 663 4236 pater,
686 4163 791 4229 uxor,
809 4140 944 4235 aliique
969 4143 1190 4227 necessarii;

149 4251 404 4327 testimonium
421 4251 520 4325 enim
546 4276 686 4341 eorum,
704 4262 833 4348 utpote
857 4252 981 4327 invitis
1000 4254 1193 4346 dictum,a
