2926 4980
479 396 535 447 DE
555 395 764 448 clvrutun.

464 827 625 901 CAPUT
655 827 795 900 XXIV.

104 1003 152 1054 DF.
178 1001 359 1052 elvrrtrts
386 1001 591 1051 Fucututun
616 1001 815 1051 NUTRlTIVA
839 1000 885 1048 El*
908 1000 1150 1050 GENERATIVA.

106 1123 322 1196 Crv1rtrrs
341 1120 494 1194 nutritio
513 1121 661 1218 acopia
683 1131 721 1193 et
745 1119 1009 1192 distributione
1029 1144 1151 1192 rerum

105 1241 282 1314 advitam
295 1237 584 1310 necessariarum
599 1237 794 1333 dependet,
806 1247 843 1309 et
856 1237 901 1308 ab
914 1259 1040 1308 earum
1046 1259 1153 1332 prae-

98 1353 311 1453 paratione
329 1363 369 1423 et
383 1351 642 1448 applicatione
659 1351 707 1423 ad
723 1375 830 1423 usum
855 1349 1053 1445 publicum.

159 1466 328 1541 Quarum
341 1487 465 1537 rerum
476 1465 599 1562 eopia,
615 1487 746 1560 nempe
760 1462 972 1535 nutritionis
984 1471 1151 1548 materia,

107 1580 305 1653 terminata
315 1577 362 1649 ab
380 1576 459 1672 ipsa
475 1588 609 1649 natura
625 1588 703 1660 est;
731 1586 949 1671 constatque
965 1599 1011 1647 ex
1023 1574 1155 1648 fructi·

107 1694 178 1766 bus
189 1714 294 1788 quos,
313 1714 336 1761 a
353 1690 557 1761 communis
576 1690 703 1762 matris
720 1699 856 1762 nostrae
873 1689 1047 1761 uberibus
1058 1698 1159 1760 terra

109 1820 147 1879 et
163 1804 258 1877 muri
275 1802 529 1898 procedenteS,
548 1804 709 1875 humano
727 1803 855 1898 generi
873 1816 939 1876 aut
962 1802 1077 1874 libere
1096 1801 1159 1873 do·

109 1930 175 1992 nat
209 1929 275 1990 aut
308 1916 387 1989 solo
420 1915 544 1990 labore
580 1917 706 1990 vendit
740 1917 851 1989 Deus,
905 1917 1000 1989 Sunt
1034 1927 1160 1988 autem

108 2029 293 2118 animalia,
308 2029 538 2124 vegetabilia,
557 2040 593 2102 et
619 2028 822 2116 mineralia,
841 2053 924 2124 quae
942 2028 1065 2100 omnia
1082 2051 1158 2100 non

108 2143 220 2239 longe
237 2140 433 2214 collocavit
450 2142 549 2215 Deus
564 2167 587 2214 a
600 2142 791 2238 superficie
806 2142 947 2214 telluris
963 2173 972 2224 ;
1001 2142 1092 2214 adeo
1115 2153 1159 2213 ut

108 2255 157 2328 ad
170 2279 215 2328 ea
226 2254 396 2328 habenda
410 2254 534 2327 aliare
548 2278 641 2350 opus
652 2279 727 2327 nou
741 2267 796 2327 est
809 2279 920 2350 quam
931 2268 974 2326 ut
988 2254 1157 2348 accipere

110 2368 278 2441 velimus.
303 2366 498 2462 Dependet
511 2390 599 2462 ergo
611 2392 733 2440 rerum
746 2368 1035 2440 necessariarum
1049 2366 1157 2462 eopia

112 2508 135 2555 a
161 2481 252 2571 sola,
282 2491 368 2576 post
395 2480 689 2553 benevolentiam
718 2480 891 2572 divinam,
910 2480 1091 2553 industria
1122 2491 1160 2552 et

112 2595 238 2668 labore
251 2593 457 2666 hominum.

163 2706 324 2781 Materia
341 2707 432 2795 haec,
452 2706 490 2777 id
513 2718 581 2796 est,
600 2730 743 2803 eaquae
770 2708 992 2803 proveniunt
1009 2719 1158 2798 eterra,

112 2822 219 2911 mari,
238 2833 421 2894 eteorum
439 2819 584 2892 cultura
605 2820 714 2909 bona,
733 2821 867 2916 partim
886 2822 1013 2894 nativa
1033 2822 1159 2895 civita-

112 2935 214 3007 tibus
244 2933 397 3028 singulis
429 2942 526 3020 sunt,
555 2932 689 3027 partim
725 2943 884 3005 externa
920 2934 957 3005 in
993 2935 1160 3007 civitates

112 3047 277 3142 singulas
312 3047 519 3141 importata.
574 3046 760 3120 Quoniam
781 3051 905 3119 autem
933 3059 1032 3120 terra
1060 3048 1162 3119 nulla

114 3161 184 3233 sub
213 3160 323 3231 unius
354 3159 511 3232 civitatis
540 3159 715 3247 dominio,
733 3159 804 3232 nisi
827 3160 933 3232 valde
952 3186 1085 3257 magna
1102 3161 1160 3249 sit,

114 3272 322 3345 necessaria
338 3271 462 3343 onmia
488 3272 537 3343 ad
565 3272 740 3344 alimenta
767 3283 806 3344 et
834 3284 976 3345 motum
1002 3274 1162 3345 civitatis

112 3390 302 3487 producit;
321 3412 439 3485 neque
454 3413 590 3478 rursuS,
602 3389 689 3477 ulla,
704 3414 786 3485 quae
801 3414 876 3461 non
890 3388 1158 3486 aliquaprodu-

116 3519 176 3580 cat
189 3505 395 3601 superflua;
422 3504 520 3576 bona
536 3504 600 3576 illa
612 3505 807 3599 superflua,
824 3530 906 3600 quae
919 3506 1050 3578 nativa
1061 3518 1159 3596 sunt,

116 3619 302 3714 superflua
319 3618 473 3713 amplius
495 3642 569 3690 non
588 3628 685 3706 sunt,
705 3618 769 3690 sed
787 3619 1087 3707 commutatione,
1103 3620 1162 3692 vel

115 3733 225 3821 bello,
241 3732 300 3805 vel
317 3732 443 3804 labore
464 3733 566 3823 (nam
580 3731 691 3804 etiam
705 3731 849 3803 labores
863 3732 1067 3821 hominum,
1086 3757 1162 3806 non

117 3847 239 3918 minus
259 3870 369 3941 quam
387 3869 446 3918 res
464 3845 557 3934 aliae,
577 3870 660 3917 eum
673 3846 779 3917 bonis
794 3845 873 3917 aliis
885 3846 1162 3942 quibuscunque

117 3958 396 4031 commutabiles
415 3959 517 4050 sunt)
538 3958 721 4030 bonorum
738 3958 947 4030 nativorum
979 3959 1163 4031 defectum

118 4072 304 4167 supplent.

171 4185 359 4258 Bonorum
393 4196 516 4257 autem
551 4185 772 4274 distributio,
801 4196 856 4256 est
886 4185 967 4275 mei,
1004 4185 1069 4272 tui,
1105 4185 1164 4256 rui

120 4298 361 4383 constitutio;
387 4311 611 4395 vocaturque
639 4299 880 4396 proprietas.
935 4298 1164 4396 Proprietas

1170 1149 1247 1199 CAP.
1261 1147 1360 1197 xxiv.

1197 1230 1338 1265 ν-γυ

1167 1294 1201 1337 De
1211 1293 1306 1337 civitatis
1315 1292 1345 1335 fn

1166 1358 1247 1403 cultore
1256 1357 1363 1401 ututur·

1105 1461 1113 1475 ,
1167 1430 1190 1468 ot
1198 1423 1329 1482 morative
