2926 4980
367 381 421 434 on
441 380 582 434 nocuo
601 379 904 450 runuaannuu.
1082 363 1154 431 509

119 550 288 648 Anglico,
306 562 484 646 quantum
510 549 627 646 potui,
655 571 699 621 eo
728 559 893 644 tempore
921 570 993 642 quo
1018 545 1155 620 bellum
1168 576 1364 628 claxton.

120 665 224 738 civile
242 664 288 736 de
305 662 499 760 disciplina
528 662 773 736 ecclesiastica
801 674 928 735 natum
954 661 993 734 in
1020 662 1154 752 Scotia,

119 800 185 874 per
202 775 373 872 Angliam
391 775 500 848 etiam
518 786 555 848 et
579 774 796 847 Hiberniam
812 774 1036 847 ferocissime
1052 797 1157 871 gere-

120 892 241 979 batur,
268 887 415 984 quando
448 912 524 960 non
554 888 733 985 episcopis
762 899 919 976 tantum,
951 889 1015 961 sed
1046 889 1157 962 etiam

120 1026 220 1099 rege,
237 1003 330 1098 lege,
347 1001 534 1097 religione,
549 1012 587 1074 et
602 1001 795 1074 honestate
812 991 975 1091 sublatio,
991 1002 1157 1099 perfidia,

1195 661 1340 694 »Ἀρ-α

1208 727 1333 773 Conclusio.

122 1115 253 1205 caedes,
283 1114 485 1188 foedissima
509 1114 647 1188 scelera
671 1114 806 1204 omnia,
834 1114 899 1186 sed
923 1114 1065 1188 larvata
1092 1114 1158 1188 do·
1197 1133 1200 1139 ’

121 1229 377 1313 minabantur;
404 1227 496 1301 adeo
523 1238 566 1300 ut
594 1226 625 1299 si
653 1226 733 1321 quis
760 1249 805 1299 ex
836 1227 963 1301 mundi
992 1227 1158 1324 partibus

122 1342 378 1415 remotioribus
405 1343 477 1414 buc
504 1340 689 1437 appulsus,
707 1362 846 1423 eorum,
865 1365 948 1437 quae
970 1351 1060 1414 tunc
1075 1364 1160 1436 per-

123 1456 375 1551 petrabantur,
392 1453 614 1551 flagitiorum
641 1464 825 1548 spectator
851 1452 991 1543 fuisset,
1005 1452 1160 1549 justitiae

125 1566 258 1642 divinae
291 1591 438 1641 sensum
462 1568 501 1639 in
529 1567 586 1640 bis
615 1567 704 1639 locis
729 1567 870 1640 nullum
896 1568 1046 1641 omnino
1071 1577 1159 1639 tunc

124 1681 235 1754 fuisse
253 1705 319 1777 pro
332 1693 434 1754 certo
451 1680 647 1754 habuisset.
684 1679 861 1752 Doctrina
878 1703 965 1776 ergo
982 1681 1061 1753 baec
1079 1702 1162 1753 mea

124 1818 254 1889 parum
284 1805 373 1867 tunc
402 1793 565 1889 profuit;
599 1817 729 1888 parum
755 1792 915 1889 inquam,
943 1793 1008 1866 sed
1037 1806 1161 1866 tamen

125 1905 275 2001 aliquid.
341 1906 541 2002 Sperabam
569 1917 693 1978 autem
715 1904 811 1976 bello
841 1906 1003 1979 extincto
1036 1907 1162 2003 profu-

126 2033 247 2094 turam
271 2043 349 2093 esse
375 2030 516 2116 postea.
567 2018 744 2090 Vicerunt
765 2016 1012 2108 democratici,
1036 2031 1073 2092 et
1098 2020 1161 2093 de-

126 2134 342 2207 mocratiam
372 2133 662 2215 constituerunt;
690 2129 755 2202 sed
783 2130 949 2220 candem,
974 2143 1163 2204 tantorum

126 2271 276 2321 suornm
316 2246 493 2319 scelerum
534 2243 751 2332 mercedem,
786 2245 907 2317 subito
950 2245 1161 2318 amiserunt.

128 2359 311 2454 Angliam,
339 2359 511 2447 Scotiam,
539 2357 754 2431 Hiberniam
779 2381 875 2430 unns
900 2368 1077 2454 tyrannus
1102 2383 1164 2431 oc-

129 2471 287 2567 cupavit,
305 2485 343 2544 et
360 2470 593 2567 prudentiam
622 2495 749 2545 eorum
779 2471 1061 2544 democraticam
1087 2483 1163 2544 tam

128 2585 306 2657 laicorum
336 2609 445 2680 quam
473 2585 800 2659 ecclesiasticorum
828 2585 1043 2658 confutavit.
1095 2586 1164 2658 Po-

129 2698 236 2795 pulus
256 2699 352 2772 bello
374 2698 551 2794 fatigatus
582 2700 679 2795 ipsos
704 2699 934 2795 contempsit,
953 2723 1026 2771 uon
1043 2699 1165 2772 minus

130 2837 240 2906 quam
257 2825 344 2885 ante
362 2812 561 2885 admiratus
579 2825 646 2886 est.
699 2813 885 2885 Restituto
903 2812 1061 2909 denique
1077 2836 1165 2908 rege

130 2925 309 3020 legitimo,
332 2925 476 2998 veniam
494 2926 692 3020 petierunt,
716 2925 753 2997 id
771 2936 837 3014 est,
851 2924 1045 2998 stultitiam
1062 2950 1166 2998 suam

131 3050 372 3133 agnoverunt.
413 3038 530 3110 Venia
560 3038 648 3112 data
674 3050 743 3126 est,
762 3038 882 3133 idque,
900 3062 947 3110 ne
970 3038 1167 3112 sceleribus

132 3151 206 3223 suis
231 3150 382 3223 abonis
410 3148 734 3244 distinguerentur,
751 3174 817 3246 per
843 3151 1059 3224 amnestiam
1086 3150 1167 3223 uni-

132 3263 322 3336 versalem.
376 3262 468 3336 Quis
486 3262 611 3334 credat
627 3262 807 3359 principia
824 3262 886 3336 illa
903 3262 1077 3337 seditiosa
1093 3288 1168 3337 non

130 3379 206 3472 jam
235 3376 356 3448 deleta
382 3398 461 3447 esse
491 3375 625 3463 omnia,
653 3386 717 3447 aut
741 3388 876 3472 praeter
903 3375 1169 3451 democraticos

134 3513 213 3563 esse
248 3512 479 3584 quemquam,
515 3488 577 3583 qui
617 3487 834 3578 doctrinam,
870 3501 946 3562 tam
979 3490 1170 3585 pacificam

134 3627 244 3699 quam
262 3603 341 3675 baec
365 3612 432 3691 est,
451 3603 625 3675 abolitam
652 3625 730 3675 esse
759 3603 933 3699 cuperet?
987 3602 1097 3676 Quod
1122 3626 1169 3676 ne

134 3714 290 3803 accidat,
309 3714 462 3787 eandem
487 3714 599 3786 latine
625 3727 751 3786 extare
767 3714 877 3787 volui.
928 3715 1045 3787 Video
1072 3714 1169 3787 enim

136 3827 377 3904 dissensiones
397 3826 586 3899 hominum
617 3826 662 3898 de
691 3825 923 3923 opinionibus
941 3839 978 3899 et
994 3841 1171 3923 praestan-

135 3942 188 4015 tia
204 3940 342 4037 ingenii
360 3939 438 4012 tolli
454 3939 565 4012 armis
582 3964 655 4012 non
671 3963 788 4036 posse.
833 3940 934 4013 Mala
950 3941 1170 4036 hujusmodi,

136 4080 209 4153 quo
226 4054 336 4127 modo
354 4064 454 4140 nata,
473 4052 602 4124 eodem
628 4051 875 4148 extinguenda
899 4068 995 4126 sunt.
1048 4054 1171 4126 Animi

137 4169 270 4241 civium
288 4192 310 4240 a
326 4164 487 4263 politicae
509 4176 547 4238 et
569 4164 808 4263 philosophia
836 4166 993 4239 ctbnicae
1020 4167 1173 4263 scripto·

135 4283 237 4357 ribus
254 4280 381 4354 infecti
393 4279 570 4376 paulatim
586 4279 742 4353 fuerant.
787 4279 916 4374 ltaque.
929 4291 1172 4354 atramentum
