2926 4980
347 389 400 440 nu
421 387 563 441 suono
583 387 887 441 rauusasauu.
1063 367 1137 445 475

493 739 657 812 CAPUT
682 738 795 812 XLV.

152 914 198 962 DE
218 913 485 963 DAEMONOLOGIA
508 914 554 962 ET
571 913 748 968 RELIQUllS
767 912 857 962 ALIIS
876 909 1100 960 RELlGIONUM

499 1013 748 1062 ETHNICARUM.

102 1131 319 1204 Quouono
351 1129 397 1201 ab
416 1129 571 1224 objectis
584 1127 799 1215 visibilibus
814 1139 893 1200 tum
917 1126 957 1199 in
973 1125 1070 1198 linea
1087 1124 1143 1198 di-
1167 1140 1245 1190 cat·
1258 1139 1343 1190 ην.

102 1254 215 1330 recta,
243 1242 386 1314 tamin
416 1243 553 1315 reflexa
581 1253 618 1314 et
648 1240 817 1330 refracta,
835 1238 1088 1335 producantur
1104 1218 1330 1328 mmm

103 1354 311 1427 homiuibus
336 1355 601 1450 phantasmata,
629 1354 704 1426 sive
731 1355 894 1450 ipsorum
915 1352 1143 1447 objectorum
1155 1345 1342 1470 ξζὶζξθῖῧξξῃξζ

103 1469 292 1564 imagines,
310 1468 449 1541 dictum
464 1492 574 1564 supra
587 1480 643 1541 est
655 1468 774 1564 capite
788 1466 908 1563 primo
918 1477 956 1538 et
969 1464 1142 1538 secundo.
1157 1477 1303 1522 effidem

105 1581 216 1661 Quod
233 1605 316 1652 cum
342 1580 558 1676 ignorarent
575 1580 783 1676 philosophi
801 1589 954 1666 veteres,
971 1589 1009 1650 et
1024 1576 1141 1649 multo

104 1693 220 1788 magis
231 1692 376 1764 illorum
390 1705 598 1789 temporum
608 1693 775 1765 homines
789 1691 863 1780 alii,
877 1691 951 1787 qui,
965 1689 1144 1785 neglectis

104 1806 279 1894 scientiis,
297 1806 493 1878 studebant
521 1819 667 1878 tantum
684 1805 821 1877 divitiis
838 1805 897 1877 vel
913 1803 1145 1899 acquirendis

104 1920 162 1992 vel
196 1917 381 2004 fruendis3
423 1918 626 1991 sententias
661 1942 799 2006 eorum,
829 1917 892 2013 qui
921 1918 1147 1990 vocabantur

103 2031 323 2128 philosophi,
336 2032 542 2105 necessario
556 2031 814 2128 sequebantur,
828 2055 903 2103 non
919 2030 1146 2126 pensitantes

104 2145 277 2233 rationes,
291 2144 356 2217 sed
365 2146 478 2217 verba
494 2157 640 2218 tantum
652 2144 887 2240 accipientes,
900 2166 1002 2217 more
1020 2166 1147 2216 eorum

106 2257 170 2352 qui
187 2256 235 2329 ad
253 2256 508 2329 oscitationem
527 2256 681 2330 aliorum
699 2257 860 2330 oscitant
877 2267 915 2330 et
931 2255 1012 2352 ipsi.
1065 2255 1147 2327 Phi-

105 2370 340 2466 losophorum
364 2382 487 2442 autem
516 2370 578 2442 alii
602 2368 951 2465 phantasmatailla,
969 2367 1146 2465 quianon

105 2482 371 2577 permanebant
397 2483 461 2554 sed
488 2484 764 2571 evanescebant,
790 2481 1055 2570 immaterialia,
1093 2481 1149 2553 in·

105 2619 293 2690 corporea,
310 2596 446 2669 formas
474 2596 552 2668 sine
578 2596 743 2681 materia,
761 2596 920 2669 colorem
938 2607 975 2668 et
991 2597 1148 2691 figuram

104 2708 183 2780 sine
201 2732 354 2804 corpore
372 2709 536 2783 colorato
555 2722 593 2783 et
603 2711 760 2806 figurato
773 2733 851 2783 esse
866 2710 1146 2792 existimabant;

106 2832 143 2893 et
161 2846 244 2916 quae
261 2845 417 2917 corpora
434 2847 541 2895 aerea
551 2823 704 2896 induere
718 2824 822 2918 quasi
835 2836 972 2897 vestem
985 2833 1146 2920 possent,

107 2934 251 3029 quoties
282 2935 398 3006 oculis
421 2935 589 3012 humanis
615 2936 730 3008 videri
747 2936 908 3009 vellent:
936 2936 997 3009 alii
1023 2946 1148 3008 autem

107 3072 261 3143 corpora
278 3072 322 3119 ea
339 3071 417 3120 esse
444 3048 626 3138 dicebant,
645 3061 682 3121 et
708 3050 881 3138 animata,
900 3049 964 3121 sed
986 3049 1086 3121 facta
1102 3072 1147 3121 ex

107 3185 204 3249 aere,
231 3161 347 3234 aliave
375 3161 566 3234 subtiliore
595 3163 761 3252 materia,
780 3186 901 3257 quam,
920 3186 1004 3236 cum
1032 3161 1149 3235 videri

108 3273 253 3357 vellent,
272 3274 557 3349 condensabaut.
598 3276 641 3349 In
659 3276 729 3348 hoc
746 3290 869 3348 autem
887 3286 1151 3349 consenserunt

109 3409 246 3473 omnes,
274 3387 374 3481 quod
391 3402 513 3460 essent
530 3388 739 3471 damonem
765 3412 839 3462 non
868 3388 987 3461 minus
1014 3389 1149 3483 inepte,

110 3522 219 3593 quam
236 3499 266 3570 si
283 3524 375 3595 quos
392 3501 520 3573 vident
537 3501 576 3573 iu
594 3502 745 3575 somniis
759 3502 926 3575 homines
945 3502 1150 3588 defunctos

109 3611 249 3683 animas
267 3635 394 3683 eorum
424 3613 612 3686 hominum
638 3638 717 3687 esse
746 3613 922 3704 dicerent,
946 3639 1037 3711 quos
1066 3626 1152 3687 ante

110 3723 211 3796 vivos
228 3723 418 3809 viderant;
445 3726 502 3798 vel
520 3750 630 3820 quam
648 3727 679 3800 si
701 3727 837 3801 formas
852 3752 935 3801 suas
948 3728 988 3801 in
1004 3728 1152 3824 speculo

110 3836 205 3907 visas
222 3837 362 3908 animas
376 3860 472 3924 suas,
485 3838 543 3909 vel
557 3838 681 3911 stellas
698 3839 737 3911 in
755 3863 851 3936 aqua
861 3840 955 3913 visas
967 3839 1153 3913 stellarum

111 3949 251 4022 animas
269 3949 507 4046 appellarent.
540 3949 647 4039 ltem,
669 3953 784 4049 (quod
800 3952 1005 4027 necessario
1024 3976 1154 4048 seque-

111 4064 250 4156 batur),
281 4063 538 4158 phantasmata
555 4067 723 4161 quaedam
741 4067 793 4140 ita
811 4078 1033 4155 metuerunt,
1051 4066 1154 4161 quasi

112 4202 195 4272 quae
221 4177 372 4273 juvandi
397 4189 436 4250 et
453 4179 610 4251 nocendi
638 4181 840 4275 potentiam
861 4182 938 4254 sine
956 4181 1072 4254 limite
1090 4180 1155 4252 ha-

112 4291 253 4364 berent.
281 4291 450 4364 Potentia
463 4290 561 4364 cuim
577 4292 766 4389 incognita
782 4317 849 4388 pro
868 4294 1012 4367 infinita
1028 4293 1156 4367 haberi
