2926 4980
140 550 216 600 CAP.
228 550 292 599 ΧΠ.

331 334 377 400 86
721 348 775 399 on
797 346 978 399 nonme.

332 530 399 590 est.
452 516 710 611 Unusquisque
741 538 842 611 ergo,
871 515 1029 588 maxime
1059 538 1146 587 vero
1178 514 1209 586 is
1240 514 1303 609 qui
1331 514 1370 587 in

147 631 290 667 *ῳ
330 630 496 702 futurum
511 640 655 725 tempus
672 628 830 700 maxime
847 628 1035 724 prospicit,
1050 627 1206 700 similem
1224 627 1371 699 Prome-

133 694 167 737 De
176 693 286 750 religione.

330 745 417 818 theo
434 743 549 815 vitam
566 742 655 837 agit.
707 742 805 814 Nam
822 754 863 814 ut
881 742 1132 829 Prometheus,
1147 740 1185 813 id
1202 751 1268 829 est,
1283 740 1371 812 Pro-

330 857 493 930 videntia
506 855 698 941 excellens
709 856 832 931 Menti
846 855 1021 944 Caucaso,
1040 854 1137 927 unde
1155 854 1245 927 satis
1261 853 1370 949 longe

330 971 539 1066 prospicere
561 980 651 1058 erat,
675 970 815 1058 affixus,
840 968 1005 1065 quotidie
1031 993 1095 1041 cor
1120 967 1371 1041 devorandum

330 1082 463 1178 aquilae
485 1083 655 1179 praebnit,
683 1083 735 1155 ita
764 1093 807 1154 ut
832 1093 1012 1178 quantum
1038 1081 1209 1153 noctibus
1231 1080 1371 1153 reficie-

329 1199 452 1286 batur,
470 1197 689 1275 tantundem
709 1195 871 1277 interdiu
894 1207 1198 1279 consummatum
1232 1195 1285 1271 ita
1307 1218 1372 1271 cor

330 1309 489 1395 hominis
513 1310 552 1381 in
577 1307 846 1405 longitudinem
874 1308 1028 1391 nimium
1055 1308 1322 1405 prospicientis,
1349 1332 1372 1382 a

330 1435 434 1506 metu
464 1423 605 1511 mortis,
631 1422 690 1506 vel
719 1423 906 1518 egestatis,
937 1422 996 1504 vel
1026 1422 1286 1509 calamitatum,
1313 1421 1371 1498 vel

331 1537 430 1611 curis
455 1536 537 1609 aliis
561 1535 794 1618 mordacibus
820 1536 898 1617 sine
923 1535 1204 1624 intermissione,
1220 1547 1372 1631 prater-

332 1675 441 1748 quam
458 1650 497 1722 in
515 1673 655 1737 somno,
673 1648 827 1721 roditur.

381 1765 506 1837 Metus
535 1762 597 1836 hic
626 1773 838 1858 perpetuae,
866 1762 930 1857 qui
957 1785 1075 1858 genus
1102 1762 1303 1838 humanum
1332 1760 1371 1832 in

331 1901 525 1959 causarum
550 1875 758 1972 ignorantia
782 1874 888 1971 quasi
913 1874 953 1955 in
976 1874 1139 1948 tenebris
1162 1874 1371 1961 comitatur,

331 1992 518 2087 objectum
531 1990 642 2066 hebet
654 1988 861 2067 necessario
874 1988 1036 2085 aliquod.
1080 1988 1178 2062 Quia
1194 2010 1282 2081 ergo
1299 1985 1374 2059 for-

330 2115 503 2188 tunarum
515 2126 664 2185 suarum
677 2127 825 2177 causam
842 2102 951 2175 aliam
964 2102 1131 2181 homines
1140 2125 1215 2174 non
1233 2099 1371 2186 vident,

330 2217 422 2301 nihil
440 2228 495 2290 est
517 2215 618 2312 quod
643 2240 814 2290 accusare
834 2227 988 2312 possunt
1008 2227 1143 2311 praeter
1161 2213 1373 2311 potentiam

331 2330 491 2426 aliquam
508 2342 547 2403 et
570 2338 744 2427 agentem
764 2327 998 2410 invisibilem.
1051 2329 1174 2424 Atque
1191 2328 1278 2406 hinc
1299 2326 1373 2402 for-

332 2455 429 2518 tasse
452 2455 544 2532 erat,
571 2441 671 2538 quod
696 2454 865 2516 veterum
891 2454 1084 2538 poetarum
1112 2442 1243 2537 aliquis
1269 2442 1373 2514 Deos

325 2556 473 2653 primos
496 2581 521 2628 a
544 2555 677 2627 timore
688 2555 827 2652 factos
850 2580 932 2628 esse
950 2555 1096 2629 dixerit.
1148 2555 1192 2629 Id
1210 2554 1309 2650 quod
1327 2553 1373 2626 de

332 2668 413 2757 diis,
430 2670 469 2743 id
492 2682 559 2758 est,
582 2669 627 2742 de
650 2669 775 2753 multis
799 2670 1030 2745 ethnicorum
1056 2669 1137 2757 diis,
1155 2693 1283 2745 verum
1303 2681 1372 2740 est.

331 2782 484 2876 Agnitio
510 2806 597 2856 vero
623 2783 735 2868 unici,
757 2783 903 2872 aeterni,
927 2783 1077 2876 irpiniti,
1099 2783 1373 2881 omnipotentis,

332 2894 409 2967 Dei
434 2896 480 2967 ab
498 2895 781 2990 investigatione
800 2918 1005 2984 causarum,
1030 2897 1223 2985 virtutum,
1245 2920 1373 2992 opera-

333 3008 548 3103 tionumque
583 3032 780 3104 corporum
813 3009 1049 3099 naturalium,
1085 3033 1195 3105 quam
1230 3034 1253 3083 a
1286 3033 1374 3083 cura

332 3120 449 3196 firturi
467 3122 654 3217 temporis,
671 3122 813 3195 facilius
832 3122 989 3196 derivari
1012 3123 1144 3219 potuit.
1196 3122 1374 3217 Numqui

333 3235 380 3311 ab
394 3235 527 3311 effectu
541 3258 772 3332 quocunque,
788 3260 897 3332 quem
909 3237 1057 3325 viderit,
1071 3237 1119 3315 ad
1136 3259 1282 3315 causam
1296 3237 1374 3331 ejus

333 3348 539 3444 proximam
549 3348 889 3439 ratiocinatorem
900 3350 986 3428 inde
996 3350 1043 3427 ad
1054 3349 1151 3426 illius
1164 3373 1375 3423 causaecau

335 3487 414 3537 sam
426 3463 631 3558 proximam
644 3464 873 3559 procederet,
888 3477 926 3537 et
942 3463 980 3543 in
999 3486 1190 3536 causarum
1204 3463 1376 3559 deinceps

335 3577 501 3651 ordinem
513 3577 696 3673 profunde
709 3601 747 3650 se
760 3579 1009 3673 immergeret,
1019 3576 1201 3652 inveniret
1212 3576 1375 3662 tandem,

336 3715 421 3773 cum
447 3701 614 3763 veterum
647 3691 950 3789 philosophorum
980 3690 1195 3778 sanioribus,
1226 3690 1375 3767 unicum

335 3826 414 3875 esse
435 3804 595 3898 primum
617 3818 809 3893 motorem,
827 3804 866 3876 id
888 3816 955 3888 est,
973 3804 1121 3878 unicam
1143 3815 1181 3878 et
1201 3814 1375 3876 aeternam

334 3939 458 3989 rerum
493 3917 657 3989 omnium
691 3941 852 4005 causam,
888 3941 998 4012 quam
1031 3917 1218 4013 appellant
1249 3937 1375 3991 omnes

335 4029 479 4112 Deam
505 4043 616 4124 atque
641 4031 712 4103 hoc
738 4031 816 4102 sine
843 4030 943 4110 omni
970 4031 1201 4105 fortunarum
1227 4050 1375 4103 suarum

336 4141 570 4236 cogitatione,
589 4167 744 4239 quarum
767 4142 976 4219 sollicitudo
990 4155 1026 4216 et
1045 4156 1184 4217 metum
1200 4141 1320 4239 gignit
1337 4154 1375 4212 et

336 4255 381 4327 ab
395 4254 631 4349 inquisitione
648 4279 840 4331 causarum
857 4256 1079 4335 naturalium
1096 4257 1257 4334 animum
1271 4276 1374 4328 aver-
