2926 4980
335 339 408 408 224
720 361 775 413 nn
794 363 1000 417 crvruuun.

124 549 322 604 caaxxvnr
335 523 425 598 illud
450 525 597 599 illinon
626 527 763 619 datum,
782 531 847 603 sed
872 530 1041 603 relictum
1064 539 1131 618 est,
1149 538 1187 601 et
1212 528 1266 601 illi
1283 528 1372 612 soli;

148 633 291 754 W
325 650 402 711 'neo
420 639 539 712 minus
556 640 753 737 integrum,
772 667 881 739 quam
899 643 969 716 fuit
986 652 1070 714 ante
1088 640 1245 714 civitatis
1268 640 1372 714 insti-

151 763 285 819 0trraemih·
334 752 528 824 tutionem.

382 864 416 936 Α
430 863 640 937 definitione
651 891 769 963 poenae
783 867 937 956 deduco,
948 867 1078 964 primo,
1090 890 1208 961 neque
1221 867 1372 964 injurias

333 1000 450 1072 neque
462 978 618 1051 ultiones
631 981 857 1075 privatorum
874 980 1063 1053 hominum
1080 981 1227 1077 proprie
1245 980 1371 1054 vocari

332 1112 437 1184 posse
460 1115 608 1187 poenas;
635 1093 721 1188 quia
746 1117 821 1166 non
846 1093 1051 1188 procedunt
1071 1094 1117 1166 ab
1147 1093 1371 1167 authoritate

333 1203 501 1275 civitatis

383 1315 563 1404 Secundo,
588 1340 610 1388 a
634 1340 775 1389 summo
802 1317 1003 1413 imperante
1030 1318 1176 1413 negligi,
1205 1328 1370 1391 autnon

332 1429 548 1524 promoveri,
567 1429 638 1502 civi
652 1453 796 1525 poenam
814 1455 889 1502 non
907 1454 1006 1514 esse3
1034 1430 1119 1526 quia
1135 1430 1272 1502 malum
1289 1431 1371 1503 nul-

332 1540 408 1613 lum
426 1541 478 1613 illi
494 1542 674 1615 inflictum
692 1554 758 1632 est,
776 1543 839 1615 sed
854 1545 891 1616 in
906 1555 1016 1634 statu,
1031 1568 1139 1640 quem
1156 1543 1258 1639 prius
1274 1545 1370 1617 obti-

331 1655 424 1744 nuit,
443 1656 659 1752 relinquitur
681 1657 823 1729 illaesus.

380 1769 516 1859 Tertio,
534 1771 669 1842 malum
688 1771 866 1843 inflictum
884 1771 1108 1843 authoritate
1125 1771 1284 1866 publiea,
1297 1772 1368 1844 nisi

330 1881 477 1976 publica
502 1882 696 1955 antecedat
718 1883 987 1972 condemnatio,
1005 1907 1139 1956 nomen
1156 1907 1275 1979 poenae
1292 1909 1366 1957 non

329 1994 476 2084 habere,
495 1995 559 2067 sed
576 1995 713 2068 factum
724 2020 801 2068 esse
814 1996 944 2069 hostile
959 2028 968 2081 ;
996 1997 1081 2091 quia
1098 1996 1247 2085 factum,
1265 1997 1365 2092 quod

329 2107 492 2204 punitur,
503 2110 649 2204 probari
664 2109 864 2205 etjudieari
881 2111 981 2205 prius
999 2109 1127 2183 debuit
1145 2109 1364 2182 authoritate

330 2222 489 2319 publica.

383 2337 537 2424 Quarto,
567 2337 701 2409 malum
732 2337 910 2409 inflictum
938 2339 983 2410 ab
1013 2362 1068 2425 eu,
1097 2337 1159 2433 qui
1189 2359 1365 2408 summam

331 2458 550 2544 potestatem
577 2449 711 2544 injuria
734 2462 900 2546 usurpat,
921 2450 979 2522 vel
1006 2475 1028 2522 a
1051 2472 1268 2546 quocunque
1289 2449 1366 2520 sine

331 2561 552 2634 authoritate
564 2587 736 2636 concesso
749 2564 939 2653 acivitate,
951 2589 1098 2660 poenam
1110 2588 1183 2635 non
1201 2586 1290 2650 esse,
1303 2562 1367 2634 sed

330 2673 468 2746 factum
485 2675 638 2759 hostile;
667 2676 753 2770 quia
770 2677 931 2748 actiones
949 2679 1038 2771 eJus,
1065 2675 1127 2770 qui
1149 2675 1282 2769 injuria
1299 2674 1366 2745 im-

330 2800 447 2882 perat,
466 2788 655 2860 authorem
676 2813 750 2861 non
776 2789 911 2861 habent
935 2812 1129 2884 personam
1146 2786 1367 2859 condemna·

330 2911 419 2987 tam,
437 2925 556 2996 neque
574 2926 661 2996 ergo
677 2902 815 2973 babent
833 2902 1090 2973 authoritatem
1107 2900 1302 2996 publicam.

380 3015 532 3103 Quinto,
563 3016 698 3087 malum
725 3017 902 3088 inflictum
929 3017 1065 3111 absque
1093 3013 1243 3087 oonsilio
1270 3014 1365 3086 cives

329 3127 566 3216 reformandi,
578 3153 687 3224 poena
704 3153 777 3200 non
792 3142 859 3217 est,
872 3129 935 3200 sed
949 3129 1086 3201 factum
1097 3127 1230 3199 hostile
1243 3159 1251 3210 ;
1280 3127 1366 3222 quia

330 3241 375 3314 de
391 3243 549 3314 essentia
564 3268 683 3338 poenae
701 3253 767 3331 est,
784 3255 827 3314 ut
844 3254 983 3314 terrore
1002 3243 1079 3336 ejus
1098 3241 1195 3313 cives
1212 3239 1259 3311 ad
1280 3240 1362 3312 obe-

329 3356 504 3428 dientiam
522 3355 806 3428 conformentur.

380 3468 503 3557 Sexto,
524 3492 607 3540 cum
632 3468 837 3540 actionibus
863 3466 1079 3561 quibusdam
1106 3465 1365 3560 consequentia

329 3582 424 3654 mala
436 3581 632 3677 saepissime
645 3581 855 3653 adhaereant
867 3579 1103 3660 naturaliter;
1122 3589 1163 3650 ut
1181 3603 1264 3650 cum
1283 3579 1363 3673 quis

327 3695 400 3767 vim
419 3695 480 3767 alii
498 3694 656 3766 inferens
670 3692 849 3767 occiditur
865 3691 923 3764 vel
934 3692 1160 3774 vulneratum
1178 3691 1234 3763 vel
1249 3715 1364 3785 quan-

328 3806 374 3881 do
393 3807 474 3903 quis
491 3808 537 3880 ab
556 3807 699 3879 actione
716 3806 837 3901 aliqua
847 3806 974 3877 illicita
985 3805 1022 3877 in
1034 3806 1202 3877 morbum
1216 3804 1360 3876 incidit:

326 3920 461 3995 malum
488 3919 589 4009 illud,
607 3944 815 4015 quanquam
841 3929 1010 4014 respectu
1034 3918 1196 3990 authoris
1222 3931 1362 3989 naturae

327 4031 400 4105 dici
418 4045 517 4106 reete
534 4033 650 4129 possit
666 4057 775 4129 poena
788 4032 922 4120 divina,
933 4056 1008 4105 non
1018 4032 1226 4105 continetur
1239 4043 1361 4103 tamen

326 4147 474 4221 nomine
490 4171 609 4243 poenae
626 4159 794 4243 respectu
817 4147 1025 4230 hominum;
1054 4146 1226 4241 quianon
1245 4144 1361 4215 inflic-

326 4269 406 4333 tum
424 4272 478 4334 est
492 4261 715 4336 authoritate
733 4259 841 4332 civili.
