2926 4980
359 375 576 427 Arrunmx
597 375 653 426 an
673 373 929 426 euvrarnarv.
1093 358 1164 424 553

126 552 210 615 rent
227 543 346 637 Papae,
370 542 514 638 jndices
539 541 755 638 plerumque
786 552 893 614 erant
920 539 974 612 illi
998 538 1047 612 ad
1075 560 1167 635 quos
1215 568 1291 617 clv.
1306 568 1344 616 11.

126 656 305 751 rescripta
316 655 579 751 imperatorum
594 653 640 728 de
653 654 772 750 poenis
788 653 1046 727 haereticorum
1058 652 1169 725 missa
1208 649 1352 756 Μ

127 782 244 856 erant,
273 792 404 865 nempe
431 780 606 864 praetores
633 767 746 856 urbis,
774 767 1046 863 provinciarum
1074 787 1169 862 prae-

127 883 227 956 leeti.
263 881 337 956 Sed
349 880 395 955 de
409 881 529 955 forma
541 881 705 954 baeretici
720 879 964 954 convincendi
976 878 1066 952 nihil
1080 878 1168 951 scio.

129 997 325 1084 Caeterum,
347 1007 542 1091 postquam
558 994 727 1089 viguerat
750 993 952 1067 authoritas
968 992 1169 1089 pontificia,

128 1109 290 1205 cognitio
308 1133 427 1182 causae
444 1106 492 1181 ad
509 1107 721 1204 episcopum
737 1129 852 1178 unum
868 1107 926 1180 vel
942 1105 1066 1202 plures
1083 1105 1170 1177 atti-

128 1224 261 1306 nebat;
289 1232 326 1294 et
352 1221 531 1317 siquidem
548 1243 633 1293 reus
659 1218 836 1293 doctrinae
854 1242 963 1314 quam
981 1217 1169 1307 docuerat,

128 1335 274 1432 publice
303 1334 371 1423 bis,
396 1335 426 1406 si
450 1357 540 1430 opus
565 1343 672 1422 esset,
697 1332 906 1428 requisituS,
930 1330 1170 1421 renuntiaret,

127 1446 457 1543 poenitentiamque
482 1457 608 1542 ageret
631 1470 675 1519 ea
694 1447 813 1520 forma
830 1470 940 1542 quam
957 1445 1170 1542 praescribe

128 1571 186 1633 ret
200 1560 313 1649 curia,
324 1561 591 1633 absolvebatur.
619 1558 776 1633 Quodsi
792 1560 831 1632 in
846 1559 1000 1633 eandem
1014 1559 1171 1632 haeresin

127 1686 212 1770 post
225 1673 463 1763 relaberetur,
469 1673 528 1746 vel
540 1673 579 1746 in
593 1672 702 1745 aliam
713 1673 812 1763 (narn
825 1673 1027 1746 innumerae
1041 1675 1171 1766 erant),

128 1788 304 1884 potestati
322 1788 478 1862 seculari
501 1786 771 1860 comburendus
789 1785 1025 1859 tradebatur:
1053 1809 1172 1882 neque

129 1902 278 1974 omnino
290 1901 409 1975 veniae
426 1901 529 1973 locus
547 1909 637 1987 erat,
649 1911 800 1994 propter
815 1899 1009 1994 potestatis
1026 1898 1174 1972 ecclesi-

129 2015 255 2087 astieae
272 2030 311 2086 et
328 2013 444 2086 civilis
463 2011 748 2099 distinctionem,
761 2012 840 2083 sine
857 2035 1038 2084 consensu
1051 2013 1171 2108 Papae.

180 2128 229 2198 Α.
256 2126 314 2198 Ab
332 2150 429 2198 anno
447 2125 567 2221 primo
584 2123 811 2197 Elizabethae
838 2123 886 2196 ad
913 2147 1051 2196 aunum
1074 2124 1173 2197 deci-

130 2263 232 2312 mum
259 2239 457 2334 septimum
482 2237 605 2312 Caroli
623 2239 652 2327 l,
671 2238 856 2333 quomodo
874 2237 1117 2312 convincendi
1135 2249 1173 2311 et

129 2350 306 2447 puniendi
324 2350 457 2424 erent?

181 2465 231 2537 B.
258 2465 327 2538 Per
343 2476 463 2538 totum
480 2464 571 2539 illud
594 2476 739 2562 tempus
757 2474 1006 2562 apparuerunt
1024 2465 1173 2562 quidem

130 2577 237 2650 valde
261 2577 377 2673 pauci·
392 2578 568 2668 haeretici,
594 2591 788 2675 propterea
814 2580 912 2675 quod
935 2579 1017 2668 illis,
1043 2581 1173 2675 quibus

130 2691 259 2787 regina
290 2691 521 2766 commiserat
547 2692 725 2787 regimen,
753 2692 820 2764 sub
844 2716 882 2765 se
905 2691 996 2788 ipsa,
1024 2693 1174 2766 ecclesi·

130 2805 298 2893 asticum,
315 2804 540 2901 prohibitum
556 2805 639 2901 lege
662 2815 753 2894 erat,
770 2829 818 2878 ne
837 2829 947 2901 quarn
965 2806 1172 2880 doctrinam

130 2918 342 2993 haereticam
359 2942 438 2992 esse
458 2918 681 3014 judicarent,
699 2942 781 3014 quae
809 2943 885 2991 non
910 2930 996 2992 ante
1014 2944 1080 3015 pro
1098 2921 1173 2993 hee-

132 3033 204 3105 resi
221 3032 467 3106 condemnata
482 3032 612 3106 fuisset
628 3033 668 3105 in
685 3032 809 3128 aliquo
823 3043 980 3127 quatuor
991 3033 1173 3107 Concilio-

131 3169 214 3217 rum
240 3145 466 3241 generalium
491 3146 705 3241 primorum,
723 3145 845 3234 idest,
863 3159 968 3218 utex
992 3147 1062 3219 illis
1087 3148 1174 3243 ipsis

133 3258 305 3331 Conciliis
318 3257 553 3332 manifestum
566 3269 633 3348 est,
644 3282 727 3355 quae
739 3282 813 3332 non
828 3270 907 3332 erat
920 3271 1048 3333 contra
1063 3260 1175 3333 fidem

132 3372 170 3443 in
192 3372 358 3468 symbolo
383 3373 526 3448 Niceno
551 3372 786 3446 declaratam.
840 3373 913 3446 Sed
934 3374 996 3468 qui
1014 3375 1175 3448 convicti

133 3497 251 3575 erant,
267 3486 588 3560 comburebantur.

183 3600 233 3672 A.
260 3598 456 3673 Quomodo
480 3600 653 3695 cognosci
678 3610 813 3695 potest,
832 3599 921 3694 quid
942 3601 991 3673 sit
1008 3600 1174 3697 symbolo

134 3713 358 3786 contrarium
388 3711 446 3784 vel
476 3735 552 3785 non
583 3713 822 3802 contrarium,
852 3712 922 3785 nisi
956 3714 1036 3809 ipsa
1063 3716 1175 3787 verba

132 3825 287 3922 symboli
304 3850 349 3899 ea
363 3825 532 3912 formula,
544 3850 617 3922 qua
633 3826 773 3922 scripta
789 3837 886 3915 sunt,
897 3838 1079 3924 negentur
1096 3852 1175 3902 esse

132 3961 220 4010 vera
235 3937 295 4010 vel
311 3938 482 4012 dieantur
499 3961 578 4011 esse
595 3937 711 4012 falsa?

183 4052 233 4123 B.
260 4051 390 4148 Neque
406 4052 488 4148 lege
503 4052 711 4147 puniendus
734 4066 792 4125 est
807 4054 1012 4144 haereticus,
1030 4056 1101 4129 nisi
1119 4055 1174 4152 ip-

133 4165 182 4238 sis
200 4165 355 4261 symboli
371 4166 491 4239 verbis
508 4166 749 4240 contradicet.
802 4167 898 4239 Nam
916 4178 958 4240 ut
976 4168 1175 4264 quisdicat

134 4278 259 4376 negari
277 4279 387 4354 fidem
405 4302 471 4376 per
484 4279 796 4376 consequentiam,
810 4293 924 4376 utque
941 4305 985 4354 ea
1002 4281 1048 4355 de
1066 4307 1176 4357 causa
