2926 4980
386 368 440 420 on
459 367 601 419 uuouo
620 365 925 418 raunuatauu.
1103 346 1176 414 489

135 538 239 610 sedes
256 537 401 632 imperii
418 537 518 610 facta
535 548 643 625 esset,
662 537 855 633 episcopus
866 531 1177 628 Constantinopo-

135 651 272 724 litauus
290 650 336 723 de
363 650 491 725 eodem
517 651 658 724 honore
684 674 768 724 cum
786 651 885 746 Papa
902 646 1177 722 contentionem

135 765 273 837 habuit.

186 878 289 949 Inter
306 876 479 972 reliquias
496 877 608 949 etiam
626 874 834 949 ethnicismi
852 886 907 948 est
924 897 1083 973 pompa,
1101 872 1178 946 sive

129 989 339 1087 processio,
369 989 408 1061 in
440 1013 513 1085 qua
542 988 719 1084 imagines
739 987 877 1060 Christi
903 999 941 1059 et
966 995 1178 1059 sanctorum

137 1100 365 1173 circumferri
382 1126 449 1197 per
465 1102 595 1174 urbem
619 1102 736 1175 solitae
754 1113 851 1173 sunt.
903 1100 1002 1173 Nam
1019 1099 1058 1171 in
1076 1123 1179 1195 pom·

136 1213 193 1308 pis
222 1215 333 1287 etiam
359 1215 590 1288 ethnicorum
620 1215 745 1288 videre
772 1227 853 1288 erat
870 1214 908 1287 in
928 1236 1050 1303 curru,
1068 1237 1178 1309 quem

138 1327 305 1399 themam
326 1339 364 1399 et
381 1328 585 1401 vehiculum
602 1327 768 1400 Deorum
797 1327 1043 1424 appellabant,
1068 1326 1178 1399 simili

137 1439 247 1512 modo
265 1439 479 1514 circumlata
491 1441 589 1515 idola
606 1465 683 1515 sua.
736 1442 857 1515 Quem
872 1441 1051 1515 honorem
1066 1439 1177 1518 etiam

136 1552 254 1626 Julius
272 1553 405 1638 Caesar,
422 1566 617 1650 postquam
635 1555 673 1626 in
698 1553 802 1627 divos
829 1554 1029 1627 translatus
1053 1566 1121 1640 est,
1140 1564 1178 1627 et

137 1667 302 1740 nonnulli
317 1667 378 1740 alii
391 1667 631 1762 imperatores
642 1668 799 1741 Romani
811 1667 1061 1740 obtinuerunt.
1081 1667 1178 1740 Usus

137 1782 259 1870 etiam,
280 1782 376 1854 inter
395 1782 554 1855 honores
575 1782 731 1870 divinos,
749 1805 940 1853 cereorum
956 1782 994 1854 in
1016 1779 1178 1853 ecclesiis

136 1895 368 1968 introductus
387 1907 443 1968 est
461 1921 484 1968 a
499 1896 609 1968 simili
622 1895 697 1967 ritu
715 1894 958 1967 ethnicorum.
990 1894 1112 1966 Etiam
1130 1892 1177 1965 ab

1204 560 1283 611 chr.
1296 561 1378 612 XLV.

1218 644 1361 678 ⁸-w-1

1189 705 1224 749 Do
1234 705 1363 750 damonolo·

1188 771 1225 829 gia
1234 777 1256 815 et
1266 769 1365 828 reliquiis

1190 833 1240 879 altis
1249 835 1382 893 religionum

1190 899 1336 945 ethnicarum.

136 2008 369 2081 ethnicorum
386 2033 487 2106 aqua
506 2008 661 2081 lustrali
672 2007 835 2080 derivata
849 2019 917 2096 est,
933 2031 1005 2102 qua
1022 2018 1179 2079 utuntur
1230 2010 1237 2020 '

136 2121 173 2193 in
186 2121 467 2217 ecclesiamque
480 2119 687 2193 benedicta.
717 2121 809 2192 ltem
819 2119 969 2192 libertas
980 2118 1043 2192 illa
1055 2142 1178 2192 servo-

135 2259 229 2324 rum,
248 2260 330 2332 quae
347 2233 575 2331 permittitur
597 2233 723 2305 diebus
750 2232 969 2327 quibusdam
986 2243 1072 2304 aute
1083 2233 1178 2328 jeju-

135 2349 239 2420 nium
257 2347 585 2444 quadragesimale,
605 2345 760 2418 imitatio
776 2358 855 2418 erat
869 2347 998 2419 Romae
1016 2345 1177 2442 autiquae

136 2462 174 2535 in
193 2460 488 2543 Saturnalibus3
514 2460 625 2532 etiam
646 2458 927 2556 perambulabo
944 2458 1008 2531 illa
1023 2482 1090 2554 per
1111 2482 1177 2554 pa-

135 2574 344 2647 rochiarum
361 2575 453 2645 fines
466 2584 551 2669 post
568 2571 755 2668 pascham,
773 2570 930 2643 imitatio
946 2583 1002 2643 est
1015 2570 1099 2643 festi
1114 2571 1177 2667 qui

135 2686 312 2785 Romanis
330 2685 584 2783 appellabatur
601 2682 848 2757 arnbarvalia.
885 2683 1015 2779 Neque
1034 2683 1176 2772 dubito,

136 2801 223 2897 quiu
255 2800 336 2874 aliae
363 2799 582 2872 ceremoniae
608 2820 684 2870 non
711 2820 840 2892 paucae
857 2821 880 2868 a
904 2797 1071 2892 gentium
1089 2820 1177 2869 con-

134 2915 301 2988 versione
318 2914 439 3010 prima
455 2913 494 2984 in
508 2911 662 2985 ccclesia
674 2909 812 2982 relictae
829 2909 978 2998 fuerint,
992 2933 1084 3003 quas
1096 2922 1177 2983 tan-

136 3052 245 3122 quam
263 3039 363 3101 utres
379 3038 522 3099 veteres
548 3024 719 3096 doctores
738 3022 907 3111 Romani,
924 3022 983 3094 vel
999 3046 1067 3119 per
1083 3046 1176 3120 neg-

134 3140 322 3234 ligentiam
348 3139 406 3212 vel
420 3138 671 3225 ambitionem,
690 3135 958 3208 Christianismi
976 3136 1060 3209 vino
1079 3161 1176 3209 novo

135 3250 399 3347 impleverunt3
422 3276 494 3349 quo
509 3250 657 3324 tandem
673 3248 871 3344 aliquando
883 3247 1148 3343 dirumpentur.

559 3487 758 3507 ψ

497 3667 660 3741 CAPUT
677 3665 809 3738 XLVI.

289 3815 336 3863 DE
363 3814 539 3863 causatus
566 3816 611 3863 AB
638 3815 739 3864 lNANl
767 3812 1015 3862 PHILOSOPHIA.

136 3930 258 4017 Noui,
269 3929 396 4015 lector,
415 3941 611 4024 expectare
624 3928 791 4002 hocloco
806 3938 935 4000 contra
948 3925 1177 4023 philosophi-

135 4067 195 4114 am
221 4052 286 4114 aut
310 4040 546 4136 philosophos
569 4042 776 4115 orationem
803 4040 1034 4113 invectivam.
1076 4039 1177 4112 Quid

135 4179 224 4250 ergo
243 4153 346 4251 agis?
374 4153 571 4250 Distinguo
588 4154 686 4227 inter
702 4154 938 4250 philosophos
953 4163 990 4225 et
1006 4176 1081 4227 nou
1094 4151 1175 4249 phi-

134 4269 331 4365 losophos;
362 4276 398 4339 et
422 4265 519 4339 inter
550 4265 815 4363 philosophiam
840 4288 977 4355 veram,
995 4265 1082 4338 vitae
1107 4265 1177 4336 hu-
