2926 4980
368 381 420 432 nn
441 377 634 431 crvrrnnn
655 375 919 430 cnmsrrnrm.
1089 359 1161 425 439

123 548 278 621 infantia
304 548 343 621 id
369 549 518 621 credere
544 547 757 635 doceantur,
782 546 820 619 in
851 542 1060 617 civitatibus
1085 566 1160 615 non
1173 575 1251 625 cip,
1268 573 1371 626 mu,

124 661 340 734 Christianis
358 661 558 734 doceantur
576 660 810 733 contrarium.
1137 691 1140 697 ·
1174 655 1375 771 nom*

174 774 224 846 At
251 775 281 847 si
307 773 392 846 fidei
419 797 528 846 causa
557 773 617 860 sit,
650 772 785 858 doceri,
812 794 878 843 cur
904 793 980 841 non
1007 768 1162 841 credunt
1173 778 1373 887 ffigffl·

124 911 274 967 omnes;
301 887 372 958 nisi
400 886 499 981 quod
523 884 615 958 fides
643 886 690 957 sit
714 885 850 957 donum
874 882 954 968 Dei,
973 880 1083 977 qnod,
1102 881 1363 954 cuiruanmmu

123 1001 214 1087 vult,
241 999 304 1071 dat
330 1011 367 1072 et
392 998 530 1094 negat?
583 998 656 1071 Sed
680 1009 805 1070 tamen
832 995 976 1091 quando
1003 995 1078 1084 dat,
1095 1019 1163 1091 per

124 1112 293 1185 doctores
312 1112 374 1185 dat
389 1145 398 1196 ;
426 1125 463 1184 et
480 1111 633 1207 proinde
651 1135 761 1184 causa
775 1110 862 1182 fidei
879 1106 1089 1182 immediata
1106 1123 1163 1182 est

124 1212 297 1300 auditus
334 1224 653 1298 Quemadmodum
683 1225 722 1296 in
753 1224 840 1296 ludo
871 1223 1072 1312 literarum,
1099 1221 1163 1295 ubi

125 1339 302 1413 docentur
315 1339 432 1424 multi,
445 1338 594 1433 quidam
607 1338 815 1434 proficiunt,
830 1335 978 1432 quidam
991 1359 1066 1409 non
1079 1360 1165 1432 pro·

123 1452 263 1536 ficiunt,
275 1451 482 1523 differentia
494 1475 568 1523 non
583 1474 726 1547 semper
738 1473 761 1521 a
773 1449 948 1546 magistro
962 1459 1028 1521 est.
1060 1449 1164 1522 Bona

124 1565 247 1638 omnia
263 1590 285 1636 a
303 1566 380 1637 Deo
399 1565 546 1660 quidem
563 1564 859 1660 proficiscuntur,
880 1561 943 1635 sed
961 1585 1026 1658 per
1044 1555 1164 1635 media

123 1679 336 1774 plerumque
365 1679 557 1750 naturalia.
610 1678 696 1750 Non
722 1691 778 1749 est
805 1701 893 1772 ergo
917 1689 1055 1749 temere
1085 1699 1163 1748 cre-

124 1792 285 1865 dendum
303 1792 385 1879 illis,
404 1792 466 1888 qui
485 1791 662 1864 doctrinis
680 1793 754 1864 suis
773 1792 910 1864 donum
922 1791 990 1863 Dei
1007 1803 1165 1886 praeten·

125 1905 218 1978 dunt
248 1905 545 2000 supernaturale;
574 1905 741 1977 doctrina
768 1905 866 1977 enim
883 1927 1011 1976 eorum
1029 1903 1164 1976 exami-

123 2017 247 2090 nanda
263 2019 363 2114 prius
381 2029 437 2091 est
453 2018 499 2090 ab
517 2018 681 2091 ecclesia.

174 2131 248 2204 Sed
280 2132 486 2228 Scripturas
512 2155 590 2203 esse
608 2131 759 2203 verbum
787 2131 855 2202 Dei
882 2131 958 2203 sive
987 2129 1161 2219 aciamus,

124 2244 199 2317 sive
217 2245 422 2333 credamur,
440 2245 516 2317 sive
542 2245 812 2326 concedornua;
838 2244 869 2316 si
886 2269 930 2316 ex
948 2243 1093 2315 illarum
1109 2241 1164 2316 lo-

126 2358 178 2430 cis
204 2359 352 2453 apertis
372 2359 521 2452 quinam
539 2358 624 2429 fidei
642 2357 787 2430 articuli
808 2357 855 2430 ad
882 2357 1037 2430 salutem
1055 2367 1162 2428 aeter-

125 2494 210 2543 nam
236 2472 310 2543 sint
336 2472 542 2559 necessarii,
562 2485 599 2543 ct
625 2472 691 2543 soli
715 2464 922 2558 necessarii,
941 2469 1160 2552 ostendero;

126 2608 200 2672 eoa,
228 2608 295 2656 nec
321 2585 424 2672 alios,
451 2585 673 2656 necessarios
691 2607 769 2656 esse
787 2585 988 2672 sciendam,
1009 2582 1163 2654 creden-

126 2698 222 2785 dum,
241 2698 301 2770 vel
318 2697 589 2770 concedendum
604 2710 669 2770 est.

184 2812 299 2882 Unum
312 2811 575 2899 necessarium,
582 2835 725 2906 nempe,
739 2811 869 2883 unicus
881 2809 1055 2882 articulus
1065 2807 1163 2895 fidei,

126 2948 235 3020 quem
270 2923 501 2996 adsalutem
536 2935 712 2996 aeternam
742 2923 990 2996 necessarium
1023 2920 1163 2994 faciunt

128 3038 327 3133 Scripturae
346 3038 480 3123 Sacrae,
494 3036 554 3108 hic
572 3050 640 3123 est,
659 3035 761 3132 qaod
776 3034 887 3107 Jecur
904 3045 962 3108 eat
978 3032 1162 3107 Christus.

127 3151 196 3223 Per
209 3175 344 3222 nomen
358 3163 483 3222 autem
498 3149 646 3238 Christi,
660 3148 877 3245 intelligitur
890 3173 954 3220 rex
967 3148 1041 3236 ille,
1056 3171 1164 3242 quem

127 3263 225 3335 Deus
250 3286 317 3358 per
338 3263 535 3358 prophetas
552 3261 695 3334 Veteris
715 3260 944 3334 Testamenti
969 3261 1164 3332 missurum

128 3399 166 3446 se
185 3399 262 3448 esse
281 3375 319 3446 in
336 3374 514 3447 mundum
539 3373 766 3469 promiserat,
784 3385 826 3445 ut
850 3384 1022 3469 regnaret
1038 3373 1076 3444 in
1098 3372 1165 3444 Ju-

129 3488 239 3572 daeoS‚
264 3501 301 3560 et
319 3498 448 3584 gentes
479 3487 569 3560 alias
595 3488 634 3559 in
662 3487 763 3558 illum
794 3487 1019 3570 credituras;
1046 3485 1165 3582 etqui

127 3599 240 3671 vitam
276 3613 462 3686 aeternam,
498 3624 607 3694 quam
635 3598 909 3694 perdideramus
939 3600 978 3671 in
1008 3597 1163 3686 Adamo,

128 3715 348 3786 restitueret.
402 3713 512 3789 Quod
530 3738 614 3786 cum
634 3714 848 3808 probavero,
866 3711 1057 3785 ostendam
1075 3735 1165 3808 qua-

129 3842 236 3900 tenus
254 3828 450 3900 necessarii
467 3838 553 3899 sunt
571 3827 683 3900 etiam
700 3826 843 3898 articuli
857 3826 918 3898 alii
935 3825 1114 3897 nonnulli.

179 3941 239 4014 Ad
255 3940 487 4037 probandum
505 3940 602 4034 quod
619 3951 697 4012 tota
720 3939 810 4011 fides
840 3939 885 4011 ad
918 3938 1073 4011 salutem
1101 3959 1160 4008 ne-

129 4055 288 4128 cessaria
305 4053 516 4126 continetur
534 4052 573 4124 in
597 4077 672 4125 uno
699 4053 768 4125 hoc
794 4052 961 4137 articulo,
980 4050 1093 4122 Jecur
1109 4057 1167 4121 eat

133 4167 333 4250 Christum
360 4178 617 4260 argumentum
630 4166 788 4261 primum
812 4179 975 4238 sumetur
993 4165 1038 4236 ab
1056 4187 1166 4236 evan-

130 4281 343 4377 gelistarum
375 4302 497 4375 scopo.
550 4278 689 4375 Scopus
713 4291 837 4350 autem
863 4300 990 4349 eorum
1015 4278 1046 4348 is
1076 4287 1166 4364 erat,

131 4407 174 4466 nt
192 4395 230 4466 in
249 4392 453 4467 Servatoris
470 4391 587 4464 nostri
599 4391 674 4464 vita
685 4390 924 4464 describenda
933 4389 1036 4463 illum
1053 4413 1167 4463 unum
