2926 4980
341 378 394 429 na
414 375 605 429 crvrraru
623 374 892 426 canrsrraua.
1059 360 1132 424 429

98 544 237 617 tionem
263 567 501 640 personarum
518 544 556 615 in
574 542 889 615 administratione
917 540 1131 613 mediorum.
1155 573 1233 624 cup,
1247 572 1333 623 xm,

100 657 307 754 Unicuique
324 658 421 730 enim
448 658 513 729 fini
538 656 659 729 media
676 655 967 729 determinantur
995 654 1051 727 vel
1067 677 1134 750 per
1170 655 1320 774 ΒΜ

98 784 281 860 naturam,
295 771 354 843 vel
364 794 430 867 per
443 771 561 845 Deum
575 771 694 868 ipsum
707 768 1052 866 supernaturaliter:
1070 767 1134 840 sed
1170 781 1324 827 orclem-fic·

99 896 262 982 potestas
275 884 431 981 cogendi
447 886 613 958 homines
632 883 759 957 mediis
777 882 887 955 certis
899 881 965 969 uti,
980 881 1018 953 in
1035 881 1135 953 omni

99 1009 210 1095 gente
227 1022 293 1094 per
315 998 414 1094 leges
441 1011 583 1072 naturae
609 997 727 1072 estin
760 1020 901 1069 summo
931 996 1134 1092 imperante

101 1110 210 1184 civili.

150 1225 420 1319 Argumentum
454 1225 531 1317 ejus
565 1221 764 1295 secundum
799 1233 873 1305 est;
918 1218 1134 1316 respublica

101 1338 217 1409 omnia
236 1336 333 1408 aneni
355 1335 519 1408 nonsibi
543 1334 702 1408 aabditae
726 1336 916 1432 imperare
935 1343 1078 1431 potest,
1097 1343 1135 1405 et

101 1473 239 1548 eogere
261 1473 342 1521 eam
367 1449 728 1522 administrationem
754 1446 946 1544 publicam
980 1435 1135 1533 matare,

101 1572 140 1634 et
156 1563 258 1659 qaod
284 1563 402 1658 majas
420 1572 489 1650 eat,
510 1562 724 1659 principem
746 1562 943 1659 deponere,
970 1570 1008 1632 et
1034 1560 1072 1632 in
1089 1558 1136 1630 il-

102 1673 175 1748 lins
201 1674 318 1747 locam
342 1675 456 1747 aliam
482 1674 719 1762 constituere,
744 1673 779 1744 ei
800 1683 932 1745 eontra
962 1672 1136 1767 injuriae,

101 1812 196 1886 qaas
215 1797 339 1886 parnt
355 1786 430 1859 sibi
437 1788 593 1885 facere,
612 1785 689 1859 alio
706 1786 811 1858 modo
829 1787 993 1882 seipsam
1011 1785 1138 1883 defen-

103 1901 194 1974 dere
210 1924 281 1973 non
292 1900 444 1997 possit:
461 1900 573 1972 malta
591 1899 715 1998 magia
727 1897 940 1994 respublica
953 1899 1137 1995 spiritua-

103 2014 153 2086 tia
175 2013 376 2111 temporati
402 2016 591 2112 imperare
610 2022 752 2111 potest,
777 2012 1138 2084 administrationem

95 2126 289 2224 publicam
316 2137 472 2216 matare,
491 2116 688 2224 principes
706 2126 903 2224 deponere,
918 2126 1016 2199 alios
1034 2125 1141 2198 insti·

105 2249 220 2327 tuere,
234 2240 380 2335 quoties
392 2238 520 2311 bonam
534 2238 737 2336 spirituale
754 2237 797 2310 al
803 2239 869 2311 ’ter
888 2240 986 2312 tneri
1000 2239 1137 2336 nequit.

154 2350 265 2426 Quod
290 2353 418 2451 civitas
444 2354 523 2426 haec
541 2353 664 2425 omnia
679 2353 800 2424 facere
817 2353 944 2449 possit,
962 2364 1002 2426 ut
1020 2377 1058 2425 se
1076 2352 1138 2425 de-

103 2464 231 2537 fendat
247 2466 292 2537 ab
310 2466 462 2562 injuriis,
479 2466 606 2562 negari
623 2490 698 2539 uon
715 2479 848 2562 potest,
860 2481 897 2539 et
915 2492 938 2539 a
954 2491 1012 2539 me
1030 2491 1140 2562 supra

105 2577 394 2651 demonstratum
409 2592 475 2653 est.
515 2581 653 2653 Verum
665 2604 810 2678 quoque
828 2594 895 2666 est,
914 2582 944 2653 si
963 2605 1035 2677 qua
1045 2591 1141 2653 esset

105 2693 143 2765 iu
162 2694 232 2765 hoc
250 2691 388 2765 mundo
406 2693 535 2766 civitas
561 2693 770 2789 spiritualia,
785 2694 960 2768 distincta
975 2695 1021 2766 ab
1039 2692 1140 2766 omni

106 2805 253 2879 civitate
267 2805 472 2902 temporali,
483 2807 687 2902 principem
700 2807 857 2880 civitatis
870 2808 966 2880 illius
979 2818 1139 2904 potesta-

105 2932 181 2992 tem
202 2920 424 3008 habiturum‚
443 2921 472 2992 si
491 2918 597 2992 aliter
614 2944 653 2992 se
670 2943 840 3015 reparare
858 2933 923 2993 aut
936 2923 1048 2994 tutari
1065 2947 1139 2995 non

104 3044 238 3128 posset,
252 3032 386 3104 bellum
403 3033 441 3103 in
454 3032 548 3121 illos,
564 3032 626 3128 qui
639 3033 984 3128 injuriamfacerent
1000 3058 1069 3108 nec
1083 3059 1141 3108 re-

105 3145 1141 3242 pararent,inferendi,idest,deponendi,occidendi,sub-

101 3257 267 3353 jugandi,
282 3259 425 3332 aliudve
442 3259 574 3332 hostile
590 3258 761 3332 faciendi.
814 3260 886 3333 Sed
904 3285 970 3356 per
988 3261 1142 3335 eandem

105 3371 298 3459 rationem,
309 3395 384 3443 non
397 3371 516 3444 minus
528 3371 684 3467 principi
696 3375 888 3469 temporali
902 3373 1044 3447 licitum
1058 3376 1141 3465 erit,

106 3483 267 3577 acceptis
283 3497 346 3557 aut
365 3485 565 3579 expectatis
579 3484 721 3581 injuriis
733 3486 923 3574 similibus,
935 3486 1072 3559 bellum
1086 3489 1142 3560 in-

106 3593 202 3666 ferre
223 3594 260 3667 in
280 3596 382 3668 illum
405 3599 469 3692 qui
491 3599 601 3672 habet
628 3611 876 3694 suprematum
903 3599 1141 3695 spiritualem.

107 3707 181 3780 Sed
204 3708 275 3780 hoc
304 3711 472 3806 amplius,
497 3724 599 3807 puto,
619 3723 687 3801 est,
708 3736 817 3808 quam
835 3711 935 3808 quod
963 3713 1009 3785 ab
1035 3738 1142 3809 argu-

107 3831 234 3894 mento
253 3846 319 3895 suo
337 3823 481 3896 illatum
497 3825 612 3897 voluit
630 3825 843 3898 Cardinalis.

157 3933 341 4007 Caeterum
360 3936 487 4009 civitas
504 3937 701 4033 spiritualis
719 3939 757 4011 iu
782 3940 854 4012 hoc
879 3940 1016 4012 mundo
1043 3941 1143 4014 nulla

107 4059 183 4130 est3
211 4073 296 4121 cum
313 4072 372 4121 res
391 4048 518 4122 eadem
544 4050 592 4123 sit
619 4076 703 4124 cum
729 4077 843 4149 regno
872 4052 1019 4140 Christi,
1044 4054 1143 4150 quod

106 4160 227 4233 adhuc
242 4174 436 4235 venturum
449 4173 517 4248 est,
531 4187 674 4261 nempe,
687 4190 758 4262 quo
771 4177 935 4262 tempore
949 4180 1143 4263 resurgent

107 4276 265 4360 mortui;
292 4288 330 4348 et
348 4275 411 4371 qui
430 4276 665 4351 crediderunt
683 4279 721 4351 in
747 4279 907 4369 Christo,
934 4304 1142 4376 quanquam
