2926 4980
324 311 393 378 104
712 325 767 377 nu
786 324 971 378 uourun.

124 524 203 574 cip.
214 525 291 576 m,
320 491 440 566 minue
465 487 622 587 quilibet
638 512 764 563 eoram
781 492 875 586 jure
889 515 957 564 eoo
974 499 1105 564 statuo
1122 490 1162 563 in
1178 511 1257 562 rem
1272 512 1364 560 eoru

132 607 277 640 ‘'⁹“
323 604 417 679 dem.
469 603 568 677 Nam
595 604 658 701 qui
680 604 756 700 juri
779 627 845 677 suo
876 604 1064 678 renuntiat
1089 605 1147 678 vel
1169 605 1365 700 jussuum

107 675 297 798 mm
322 717 508 807 transfert,
521 719 584 813 jus
610 740 760 808 novum,
784 718 885 815 quod
910 743 977 817 per
993 731 1164 792 naturam
1180 739 1257 789 non
1274 725 1364 787 ante

107 805 296 916 iffi?
322 830 463 920 habuit,
477 830 616 902 nemini
633 828 765 903 tribuit
782 861 793 915 ;
819 830 906 926 quia
922 831 1091 904 omnibus
1107 831 1147 902 in
1162 829 1289 902 omnia
1299 828 1364 923 jus

322 955 424 1028 erat;
452 944 518 1016 sed
534 943 635 1016 cedit
651 943 685 1017 ei
702 954 859 1034 tantum,
872 969 917 1018 eo
934 945 1008 1017 fine
1021 955 1064 1017 ut
1077 945 1149 1040 jus,
1164 941 1265 1039 quod
1275 950 1364 1013 ante

321 1056 463 1147 habuit,
481 1056 561 1130 sine
586 1056 850 1152 impedimento
867 1081 890 1129 a
907 1080 947 1129 se
963 1066 1046 1130 orto
1063 1056 1177 1128 libere
1193 1055 1362 1137 inlatum

321 1195 345 1244 a
360 1195 411 1261 se,
429 1170 592 1267 inquam,
610 1181 706 1259 orto,
723 1193 800 1243 non
817 1171 863 1243 ab
880 1170 964 1244 alio.
991 1171 1121 1266 ltaque
1139 1169 1238 1266 quod
1254 1167 1363 1241 alteri

321 1282 466 1358 accedit
478 1307 524 1356 ex
533 1284 616 1378 jure
630 1282 749 1357 alieno
766 1284 805 1356 in
822 1307 861 1357 se
878 1283 1070 1372 translato,
1084 1282 1176 1356 nihil
1188 1281 1290 1356 aliud
1306 1291 1363 1354 est

321 1423 433 1494 quem
446 1397 605 1470 sublatio
616 1396 1111 1494 impedimentorumaparte
1121 1397 1233 1470 solius
1243 1406 1367 1470 trans-

319 1510 486 1584 ferentis.

372 1623 580 1720 Deponitur
609 1623 671 1717 jus
701 1622 759 1695 vel
793 1623 950 1719 simplici
983 1622 1270 1711 renuntiatione,
1303 1621 1363 1694 vel

322 1735 574 1811 translatione
599 1735 648 1808 ad
664 1735 789 1808 alium.
843 1735 1067 1832 Simpliciter
1082 1735 1282 1825 renuntiat,
1300 1735 1364 1831 qui

321 1851 357 1923 in
377 1848 539 1923 medium
557 1846 696 1944 abjicit,
713 1848 854 1922 nemini
870 1849 1047 1923 tribuens,
1083 1848 1285 1939 Transfert,
1299 1848 1364 1944 qui

321 1975 424 2038 certo
441 1962 552 2035 alicui
564 1962 748 2035 concedit.
801 1963 950 2037 Utrovis
967 1974 1090 2036 autern
1106 1962 1217 2037 modo
1239 1963 1364 2052 faciat,

318 2079 379 2175 jus
393 2076 604 2164 habentem,
619 2075 710 2172 quin
734 2100 774 2149 re
787 2087 929 2167 utatur,
946 2076 1124 2174 impedire
1137 2099 1213 2150 nou
1230 2076 1363 2160 debet;

321 2203 421 2264 esset
438 2189 537 2263 enim
562 2189 632 2262 hoc
650 2213 758 2262 suum
780 2190 894 2287 ipsius
918 2203 1044 2264 actum
1066 2191 1212 2264 irritum
1229 2189 1363 2263 facere.

320 2303 507 2400 Injustitia
533 2303 631 2376 enim
658 2304 792 2400 injuria
822 2305 933 2379 etiam
963 2304 1097 2378 dicitur
1114 2328 1160 2377 ex
1177 2328 1234 2393 eo,
1251 2303 1366 2400 quod,

322 2417 489 2513 deposito
506 2426 592 2490 ante
610 2419 705 2514 jure,
729 2418 867 2515 absque
881 2419 963 2515 jure
980 2417 1284 2515 impedimentum
1308 2417 1363 2488 fit.

321 2532 389 2604 Est
405 2531 504 2604 enim
521 2530 559 2603 in
573 2531 833 2604 controversiis
843 2531 1034 2604 hominum
1044 2529 1224 2628 injustitia
1234 2529 1363 2603 similis

321 2646 412 2742 ejus,
431 2667 543 2739 quam
559 2643 599 2715 in
617 2642 761 2716 Scholia
776 2643 1042 2716 absurditatem
1059 2652 1205 2718 vocant.
1258 2644 1364 2715 Sicut

321 2756 419 2829 enim
446 2757 503 2846 iis,
522 2780 605 2852 quae
628 2756 734 2829 initio
761 2758 950 2853 supposita
975 2769 1092 2847 erant,
1110 2756 1363 2832 contradicere

191 2968 193 2972 Α
320 2868 521 2943 absordum
532 2897 546 2953 ,·
572 2869 626 2941 ita
653 2869 753 2965 quod
778 2870 987 2944 faciendum
1008 2871 1216 2945 voluntarie
1241 2893 1363 2944 susce-

320 2982 431 3076 peris,
448 2982 594 3055 irritum
611 2982 744 3073 facere,
763 2983 938 3079 injustum
959 2984 1175 3081 appellatur.
1227 2982 1363 3056 Modus

320 3106 456 3183 autem,
487 3119 561 3190 quo
580 3094 661 3190 quis
683 3096 758 3192 juri
786 3120 853 3169 suo
878 3098 1066 3170 renuntiat
1088 3097 1148 3169 vel
1169 3098 1229 3194 jus
1256 3119 1363 3170 snum

319 3207 506 3296 transfert,
525 3208 610 3281 talis
628 3220 705 3293 est;
733 3209 838 3304 signo
855 3210 913 3284 vel
941 3211 1054 3307 signis
1076 3210 1219 3284 idoneis
1234 3208 1363 3283 volun-

321 3321 415 3395 tarie
434 3320 608 3410 declarat,
635 3322 701 3394 tali
723 3325 799 3418 juri
816 3348 855 3396 se
879 3325 1092 3398 renuntiare
1108 3324 1166 3397 vel
1196 3322 1364 3397 renunti-

320 3459 424 3519 asse;
451 3434 511 3509 vel
528 3435 688 3509 adhunc
702 3438 762 3533 jus
779 3462 885 3511 suum
902 3462 941 3511 se
957 3437 1158 3511 transferre
1170 3437 1229 3511 vel
1245 3447 1365 3509 trans-

320 3549 460 3622 tulisse.
513 3549 609 3622 Sunt
626 3560 749 3623 autem
768 3551 873 3647 signa
889 3551 952 3625 illa
963 3550 1020 3625 vel
1037 3552 1161 3640 verba,
1178 3549 1237 3623 vel
1253 3550 1363 3636 facta,

319 3661 390 3751 vel,
418 3673 460 3736 nt
488 3663 704 3759 plerumque
731 3666 786 3755 fit,
804 3678 972 3762 utraque.
1024 3667 1148 3762 Atque
1176 3665 1257 3737 haec
1277 3673 1363 3738 sunt

319 3774 467 3848 vincula
477 3775 540 3848 illa
553 3800 648 3873 que,
661 3802 736 3851 non
747 3803 770 3851 a
780 3803 846 3852 sua
857 3790 1001 3869 natura,
1016 3779 1080 3852 sed
1091 3788 1226 3852 ametu
1238 3776 1364 3850 damni

320 3910 343 3959 a
359 3888 530 3984 promissi
546 3889 746 3965 violatione
763 3893 876 3965 robur
901 3893 1050 3967 habent.

370 3999 671 4099 Quotiescunque
701 4007 896 4102 jussuum
933 4007 1155 4103 derelinquit
1190 4005 1271 4102 quis
1304 4005 1364 4078 vel

317 4112 508 4203 transfert,
522 4139 566 4188 ea
584 4138 695 4190 causa
712 4118 750 4191 id
773 4118 895 4192 facere
912 4120 1142 4218 intelligitur,
1161 4130 1202 4192 ut
1219 4119 1288 4192 sibi
1305 4142 1364 4192 re-

319 4226 462 4322 ciproce
485 4229 531 4301 ab
558 4254 616 4318 ec,
635 4231 694 4304 cui
721 4231 942 4307 translatum
959 4246 1027 4324 est,
1051 4235 1113 4332 jus
1137 4232 1286 4330 aliquod
1305 4231 1365 4303 vel
