2926 4980
517 335 570 386 nn
591 335 773 386 noulus.
1114 320 1162 398 67

119 502 241 599 sopho
259 503 356 576 circa
371 503 443 576 hoc
470 504 689 599 subjectum,
707 515 775 590 est,
793 502 882 598 quid
912 503 960 575 sit
985 512 1102 575 emtus
1125 516 1163 575 et
1201 541 1278 589 opp,
1298 539 1347 588 rx.

120 616 211 711 quid
230 616 459 715 magnitudo.
511 617 559 689 Et
584 616 824 712 philosophiae
840 639 924 712 pars
941 616 1021 689 haec
1039 618 1162 712 appel·
1174 621 1357 731 θῶ

120 730 189 803 lari
206 729 301 803 solet
319 729 567 828 philosophia
578 729 719 827 prima.
1175 751 1332 796 masuam.

171 843 324 932 Rursus,
335 842 553 939 magnitudo
566 842 728 930 definita,
740 866 821 937 quae
832 853 869 914 et
880 843 1065 938 quantitas
1077 841 1164 914 dici-

123 968 196 1045 tur,
208 956 269 1029 vel
272 957 414 1054 figura
430 955 490 1028 vel
503 979 651 1027 numero
667 954 851 1027 definitur.
878 955 1006 1050 ltaque
1021 979 1164 1051 eorpus

124 1071 243 1164 figura
259 1069 465 1158 definitum,
477 1069 682 1164 subjectum
698 1079 753 1141 est
768 1067 884 1163 partis
901 1068 997 1141 illius
1008 1068 1166 1164 philoso-

122 1181 322 1278 phioe,quae
330 1182 692 1280 gemnelriadicitur.
720 1182 845 1255 Partes
856 1192 979 1255 autem
989 1182 1164 1278 corporis,

124 1316 275 1368 numero
287 1294 555 1384 determinatae,
566 1295 721 1368 scientia
729 1306 786 1368 est
801 1295 901 1368 dicta
913 1295 1164 1368 arithmetica.

171 1408 299 1481 Motus
321 1418 445 1481 autem
469 1407 529 1480 vel
551 1407 719 1480 visibiles
744 1421 843 1498 sunt,
869 1407 927 1480 vel
945 1407 1164 1496 invicibiles,

124 1520 298 1593 nimirum
315 1521 355 1593 in
373 1543 570 1616 corporum
586 1519 838 1592 minutissimis
855 1519 1033 1616 partibus.
1081 1519 1164 1592 Mo·

122 1645 228 1707 tuum
262 1646 388 1707 autem
421 1633 620 1706 visibilium
654 1633 808 1707 scientia
840 1657 969 1706 eorum
1003 1643 1070 1721 est,
1101 1633 1164 1728 qui
1253 1674 1259 1685 ·

123 1748 388 1837 machinarum,
399 1746 639 1820 aedificiorum
657 1756 799 1820 secreta
813 1744 1049 1840 contemplati
1066 1757 1163 1819 sunt.

170 1862 299 1934 Motus
309 1872 434 1934 autem
451 1859 637 1933 invisibles
652 1860 882 1933 internarum
899 1859 1063 1955 corporis
1079 1882 1164 1955 par-

121 1975 227 2064 tium,
246 1975 309 2070 qui
325 1984 477 2070 propter
501 1974 653 2046 effectus
670 1974 709 2046 in
726 1996 853 2046 sensus
870 1984 1016 2046 nostros
1034 1972 1165 2045 dicun-

121 2099 183 2159 tur
200 2087 423 2185 quolilates,
435 2087 641 2182 subjectum
652 2097 707 2159 est
716 2086 890 2185 physicae
907 2086 983 2159 sive
993 2086 1166 2184 philoco-

114 2201 223 2298 pbioe
250 2198 469 2273 naturalis:
504 2202 621 2296 cujus,
644 2211 735 2296 quot
757 2212 844 2273 sunt
870 2199 1010 2273 homini
1025 2222 1164 2288 sensus,

121 2326 178 2386 tot
204 2324 360 2410 possunt
389 2336 468 2386 esse
495 2313 657 2386 scientiae
679 2313 877 2410 speciales;
912 2336 1069 2410 quarum
1090 2336 1165 2386 una

122 2439 179 2498 est
196 2450 279 2522 quae
293 2435 446 2498 vocatur
462 2427 603 2524 optica,
621 2426 693 2498 alia
708 2427 860 2499 musica.

172 2538 316 2612 Deinde
328 2539 360 2611 si
372 2561 506 2634 corpus
521 2538 691 2611 Universi
701 2540 953 2612 consideretur
961 2562 1029 2636 per
1040 2552 1164 2636 partes

122 2655 212 2749 ejus,
239 2665 284 2724 ut
313 2661 413 2747 astra
443 2661 481 2723 et
510 2650 742 2736 sublunaria;
779 2675 825 2724 ex
856 2652 1163 2748 contemplatione

121 2778 304 2838 astrorum
337 2773 536 2855 motorum,
571 2774 752 2860 quatenus
791 2776 988 2855 motorum,
1023 2766 1163 2839 orietur

121 2879 276 2952 scientia
294 2903 377 2974 quae
391 2877 526 2950 dicitur
543 2879 784 2952 astronomia.

170 2994 219 3065 Et
231 2991 405 3087 quoniam
417 3002 541 3086 partes
555 2989 728 3064 Universi
741 2991 909 3088 quaedam
926 3015 1002 3068 non
1018 3015 1162 3088 perma-

121 3119 222 3195 nent,
239 3104 362 3178 sedin
378 3103 586 3177 interstitiis
603 3128 820 3200 magnorum
838 3129 1033 3202 corporum
1050 3105 1161 3180 modo

122 3230 312 3318 apparent,
341 3218 451 3291 modo
481 3230 716 3304 evanescunt,
745 3220 1008 3315 contemplatio
1038 3230 1160 3292 motus

121 3335 267 3407 illorum
283 3332 403 3430 gignit
420 3332 610 3405 scientiam
627 3332 964 3431 meteorobgicam.

172 3446 267 3519 item
293 3469 316 3517 a
341 3445 650 3541 contemplatione
674 3445 835 3540 partium
861 3444 1012 3531 telluris,
1039 3441 1162 3539 qualia

125 3572 209 3632 sunt
232 3559 444 3649 mimalia,
465 3557 708 3658 vegetabilis,
732 3569 770 3630 et
792 3556 984 3646 animalia,
1005 3555 1160 3629 totidem

125 3673 292 3745 oriuntur
309 3671 470 3745 scientiae
485 3671 736 3768 particulares.

173 3787 227 3859 Ex
237 3785 545 3880 contemplatione
559 3783 716 3880 denique
728 3783 886 3855 hominis
897 3793 933 3854 et
943 3779 1160 3853 facultatum

126 3900 201 3995 ejus
219 3898 387 3971 oriuntur
405 3898 568 3971 scientiae
588 3897 725 3986 ethico,
743 3896 883 3994 logica,
901 3894 1105 3983 rhetorica,
1124 3905 1162 3967 et

124 4011 271 4084 tandem
281 4011 446 4109 politica
464 4012 538 4084 sive
549 4010 798 4109 philosophia
815 4008 949 4082 civilis.

174 4125 248 4197 Sed
265 4149 309 4198 ex
327 4125 572 4198 subdivisione
589 4124 817 4220 singulorum
840 4123 1088 4217 subjectorum
1104 4122 1162 4194 in-

124 4261 286 4311 numerae
297 4237 377 4311 aliae
388 4238 550 4311 scientiae
560 4237 661 4311 nasci
671 4247 836 4333 possunt,
848 4260 938 4331 quas
949 4256 1160 4310 enumerare

124 4375 244 4447 neque
261 4351 368 4423 facile
385 4375 503 4447 neque
520 4350 767 4425 necessarium
785 4360 851 4423 est.
1006 4373 1027 4421 s
1045 4366 1062 4412 2
