2926 4980
301 340 373 406 312
544 355 1105 410 nn'crvrrarncumsrrana

87 547 288 604 cccxxxvi.
302 545 374 608 sus,
393 545 500 594 versu
522 523 702 618 proximo,
721 524 909 596 Johannes
933 524 1043 612 idem,
1068 522 1198 610 omnia,
1217 518 1352 615 inquit,

104 630 265 737 „m
300 633 461 731 spiritns
489 634 554 729 qui
580 633 703 722 coluit,
731 635 770 708 id
799 649 866 725 est,
884 660 959 709 non
985 634 1192 732 prehendit,
1211 632 1352 718 Jeaum,

103 757 256 816 “prabeb-
301 770 348 816 ec
367 746 644 830 Deoaoneat;
670 748 787 821 ethic
811 749 1156 822 estAntichriatua
1209 745 1354 841 Regula

302 882 390 955 ergo
412 858 583 956 utrinque
604 872 706 934 recta
731 873 799 950 est,
818 886 950 958 nempe
976 886 1071 950 eum,
1086 861 1150 959 qni
1177 858 1353 931 Messiam

299 975 376 1068 Jam
404 972 544 1045 venisse
571 974 750 1069 praedicat
774 974 812 1046 in
839 999 997 1072 persona
1012 975 1113 1063 Jesu,
1131 973 1352 1070 prophetam

302 1082 559 1183 verumfesse3
586 1110 670 1159 eum
696 1098 831 1177 autem,
858 1089 921 1183 qui
950 1088 1093 1160 venisse
1127 1097 1251 1182 negat,
1287 1083 1354 1157 sed

303 1211 500 1272 venturum
528 1210 699 1295 expectat
725 1199 763 1272 in
789 1224 948 1296 persona
969 1200 1122 1295 alicujus
1142 1197 1355 1296 impostoris

303 1311 429 1401 futuri,
446 1313 666 1408 prophetam
683 1337 761 1386 esse
778 1313 921 1387 falsum.
950 1314 1247 1410 Uniuscujusque
1261 1335 1352 1408 ergo

303 1425 461 1497 hominis
479 1424 678 1498 Christiani
692 1437 730 1499 et
748 1426 794 1499 de
811 1427 930 1499 salute
948 1427 1080 1500 animae
1103 1450 1179 1499 suae
1203 1425 1352 1498 solliciti

304 1539 468 1626 interest,
488 1540 613 1611 conari
630 1540 723 1612 scire
741 1551 777 1614 et
795 1540 990 1637 diligenter
1008 1539 1253 1628 considerare,
1268 1541 1354 1634 quis

305 1652 353 1725 sit
370 1652 407 1724 in
427 1653 576 1725 civitate
593 1677 659 1726 sua
676 1655 857 1750 propheta
874 1678 1049 1742 sammua,
1067 1652 1190 1738 idest,
1209 1651 1291 1748 quis
1305 1650 1355 1723 sit

305 1765 365 1838 ille
382 1766 505 1854 homo,
523 1767 580 1838 vel
599 1778 716 1840 coetus
733 1767 936 1856 hominum,
951 1769 1014 1863 qui
1031 1769 1070 1840 in
1087 1767 1238 1840 civitate
1255 1765 1354 1862 gerit

304 1903 497 1975 personam
525 1879 617 1962 Dei;
644 1894 681 1953 et
709 1880 854 1975 quando
882 1881 983 1953 illum
1011 1879 1195 1975 cognovit,
1214 1879 1354 1952 doctri-

306 2017 404 2080 nam,
424 2016 534 2089 quam
561 1992 684 2065 doceri
708 1993 767 2065 ille
789 1994 939 2089 jusserit
962 1993 1001 2064 in
1019 1991 1088 2064 Dei
1104 1991 1264 2081 nomine,
1283 2014 1352 2087 pro

307 2107 432 2202 regula
460 2107 596 2180 habere
624 2106 662 2178 iu
691 2105 941 2179 doctrinarum
968 2129 1095 2178 earum
1116 2103 1354 2193 discussione,

307 2244 389 2315 quae
407 2245 429 2293 a
445 2220 647 2316 prophetis,
666 2221 741 2292 sive
760 2245 856 2306 cum,
872 2221 947 2292 sive
962 2220 1040 2291 sine
1060 2216 1250 2307 miraculo,
1267 2241 1354 2313 pro-

306 2334 487 2406 feruntur.
515 2334 669 2408 Quodsi
687 2335 904 2429 prophetam
922 2332 1081 2427 aliquem
1098 2344 1228 2405 contra
1245 2355 1356 2426 regu-

307 2447 379 2519 lam
406 2447 502 2519 hanc
524 2447 718 2519 docentem
744 2445 913 2535 audierit,
938 2469 1014 2518 non
1038 2445 1115 2541 ipse
1141 2444 1355 2533 vindicabit,

308 2560 373 2631 sed
389 2559 500 2631 faciet
518 2559 616 2655 quod
634 2559 800 2630 fecerunt
818 2559 870 2631 illi
888 2559 1007 2655 quiin
1025 2559 1154 2631 castris
1173 2557 1356 2630 Israelita-

308 2696 388 2744 rum
405 2671 667 2767 prophetantes
688 2670 905 2755 audierunt;
934 2671 972 2742 id
994 2683 1060 2757 est,
1080 2695 1222 2743 summo
1239 2671 1356 2765 impe-

308 2786 405 2857 ranti
423 2784 610 2871 indicabit,
630 2797 740 2878 atque
758 2784 810 2856 illi
823 2785 1015 2885 permittet
1027 2794 1187 2857 statuere
1200 2796 1244 2856 ut
1256 2784 1355 2867 vult;

309 2911 345 2971 et
363 2899 541 2995 siquidem
561 2898 748 2970 doctrinas
765 2922 892 2970 eorum
907 2899 1101 2994 improbet,
1114 2897 1354 2993 improbabit;

309 3012 364 3083 sin
398 3013 539 3107 probet,
571 3023 755 3105 sequetur,
787 3010 928 3105 illisque
959 3011 1117 3100 obediet,
1139 3023 1190 3083 ut
1223 3010 1355 3106 quibus

310 3125 408 3197 Deus
434 3124 602 3219 spiritum
630 3123 732 3195 dedit
758 3147 804 3194 ex
828 3123 957 3217 spiritu
984 3124 1063 3218 ejus
1091 3123 1150 3195 cui
1175 3147 1356 3196 summam

312 3237 465 3309 dederat
480 3248 712 3332 potestatem.
757 3235 854 3308 Nam
870 3236 1038 3309 homines
1056 3237 1265 3326 Christiani,
1283 3238 1356 3311 nisi

311 3374 435 3446 regem
462 3373 569 3422 suum
599 3350 656 3422 vel
683 3363 819 3422 coetum
845 3374 1054 3447 supremum
1081 3375 1148 3447 pro
1174 3351 1357 3448 propheta

313 3464 381 3536 Dei
400 3475 614 3559 agnoscant,
633 3487 782 3535 necesse
800 3473 914 3536 estut
940 3488 1005 3536 sua
1031 3465 1194 3560 ipsorum
1215 3465 1357 3538 somnia

312 3589 349 3649 et
372 3577 538 3650 cordium
562 3601 709 3650 suorum
736 3589 918 3649 tumorem
944 3601 1012 3673 pro
1038 3578 1169 3673 spiritu
1194 3578 1263 3649 Dei
1290 3578 1356 3650 ha-

310 3692 423 3763 beant
440 3701 477 3763 et
495 3703 717 3787 sequantur;
753 3691 810 3763 vel
828 3702 870 3762 ut
891 3690 976 3763 duci
1002 3715 1040 3763 se
1058 3692 1180 3763 sinant
1197 3714 1219 3763 a
1235 3702 1356 3787 potes-

312 3804 450 3876 tatibus
476 3803 649 3892 externiS,
684 3814 813 3875 contra
847 3803 1003 3875 salutem
1039 3803 1220 3887 civitatis;
1246 3804 1305 3876 vel
1334 3829 1357 3878 a

312 3917 523 3990 concivibus
541 3918 614 3989 suis
642 3916 854 4005 ambitiosis,
872 3940 939 4011 per
964 3916 1175 4005 calumnias,
1194 3916 1240 3989 ad
1260 3917 1357 3990 sedi-

312 4032 449 4102 tionem
478 4030 641 4118 excitari,
666 4029 744 4101 sine
772 4028 856 4116 alic,
877 4029 975 4123 quod
997 4030 1203 4102 doctrinam
1229 4053 1356 4103 eorum

312 4146 515 4234 confirmet,
533 4143 720 4231 miraculo,
738 4154 872 4237 praeter
900 4168 1105 4216 successum
1130 4157 1168 4216 et
1198 4144 1356 4240 impuni-

312 4272 426 4331 tatem
444 4256 640 4352 aliquando
658 4254 920 4328 admirabilem.
