2926 4980
160 567 239 629 CAP.
250 569 286 621 V.

149 651 293 688 *rr-³

153 715 188 758 Dc
197 714 281 758 ratione

153 785 175 822 at
183 780 282 824 scientia

329 356 374 421 34
718 368 772 431 nn
793 368 975 420 nonina.

326 533 458 630 incipit
473 532 760 624 definitionibus,
773 535 860 609 inde
872 536 921 610 ad
933 536 1096 634 plurium
1109 537 1366 613 definitionum

329 646 630 743 consequentiam
646 647 808 745 aliquam
823 649 1003 746 procedit,
1021 661 1060 723 ct
1075 650 1162 725 inde
1179 651 1227 724 ad
1243 651 1366 724 aliam.

330 761 429 835 Nam
446 759 691 833 conclusionis
717 762 858 836 ultimae
884 762 1067 836 certitudo
1093 763 1195 836 nulla
1216 764 1369 837 estsine

330 873 549 952 certitudine
571 875 856 950 affirmationum
880 888 918 950 et
939 877 1179 974 negationum
1196 901 1218 949 a
1236 877 1368 973 quibus
1424 941 1426 945 .

330 987 534 1083 composita
554 998 592 1060 et
607 987 711 1062 illata
732 1002 799 1064 est.
853 989 957 1063 Sicut
981 990 1079 1064 enim
1103 989 1369 1088 paterfamilias

329 1101 441 1175 villici
458 1101 514 1174 sui
530 1101 691 1176 rationes
716 1103 925 1201 inspiciens,
953 1104 1216 1177 summularum
1243 1104 1370 1199 singu—

329 1213 450 1289 lorum
472 1238 650 1311 generum
667 1240 826 1291 summas
845 1217 884 1290 in
901 1241 1014 1290 unam
1038 1217 1193 1290 totalem
1216 1216 1369 1312 colligit,

330 1351 400 1402 nec
416 1353 464 1401 an
481 1328 553 1402 illae
571 1329 762 1403 summulae
778 1340 878 1405 recte
896 1330 1064 1404 confecte
1078 1330 1124 1403 ab
1143 1330 1187 1405 iis
1205 1330 1290 1418 sint,
1306 1329 1371 1425 qui

331 1441 513 1515 rationem
528 1441 710 1515 reddituri
727 1453 825 1532 sunt,
837 1443 1036 1532 examinat,
1051 1443 1167 1517 nihilo
1184 1443 1266 1539 plus
1282 1465 1370 1539 pro-

331 1555 420 1645 ficit,
441 1580 551 1652 quarn
568 1556 600 1629 si
616 1555 758 1652 peritiae
775 1557 1021 1653 probitatique
1034 1556 1147 1629 villici
1165 1556 1222 1629 sui
1238 1554 1369 1643 fidens,

331 1668 492 1742 rationes
517 1669 666 1743 omnino
690 1694 766 1743 non
791 1669 1017 1766 requireret:
1044 1668 1174 1742 eodem
1192 1668 1313 1757 modo,
1332 1667 1372 1740 in

332 1781 536 1857 rationibus
554 1806 855 1880 quarumcunque
872 1807 1008 1873 rerum,
1029 1782 1092 1878 qui
1108 1782 1188 1855 illas
1207 1781 1372 1856 admittit

332 1895 529 1969 authorum
554 1896 710 1970 aliorum
734 1896 819 1987 fide,
844 1920 913 1970 nec
938 1921 962 1969 a
982 1895 1191 1970 nominibus
1218 1893 1372 1992 singulis

333 2006 411 2102 ipse
441 2006 601 2096 deducit,
636 2008 697 2080 ille
728 2032 878 2104 operam
908 2007 1016 2097 ludit,
1050 2007 1103 2080 nil
1136 2007 1271 2097 aciens,
1306 2005 1373 2080 sed

332 2134 479 2198 uantum
496 2123 663 2197 credens.

384 2235 542 2313 Quando
576 2237 707 2334 aliquis
741 2237 981 2312 ratiocinatur
1021 2237 1101 2309 sine
1135 2259 1206 2309 usu
1240 2236 1370 2309 verbo-

333 2375 427 2437 rum,
446 2350 547 2445 quod
561 2350 641 2423 fieri
657 2361 781 2447 potest
794 2351 832 2423 in
849 2350 1058 2424 nominibus
1076 2348 1274 2423 individuis
1290 2380 1299 2433 ;
1325 2360 1370 2421 ut

332 2463 481 2561 quaudo
515 2487 592 2536 rem
637 2464 799 2560 aliquam
832 2462 998 2537 videntes
1033 2460 1247 2559 conjicimus
1281 2461 1370 2556 quid

331 2576 561 2672 praecessisse
577 2575 637 2649 vel
654 2587 867 2649 secuturum
884 2598 962 2648 esse
975 2574 1172 2648 verisimile
1185 2573 1233 2646 sit
1247 2604 1256 2655 ;
1283 2573 1315 2645 si
1332 2573 1370 2645 id

331 2689 431 2785 quod
447 2689 643 2763 verisimile
658 2702 714 2762 est
726 2713 845 2786 neque
858 2689 1045 2785 praecessit
1059 2712 1178 2784 neque
1192 2686 1369 2784 sequitur,

331 2801 371 2875 id
386 2802 425 2874 in
442 2804 687 2877 ratiocinante
704 2804 910 2900 appellatur
927 2825 1049 2875 error.
1101 2801 1228 2874 Errori
1246 2814 1371 2873 autem

332 2915 483 2988 obnoxii
514 2929 601 2989 sunt
624 2917 792 2990 homines
821 2918 933 2991 etiam
958 2915 1244 3013 prudentissimi.
1299 2914 1373 2988 Sed

332 3027 479 3122 qnando
512 3029 551 3102 in
585 3030 706 3102 verbis
739 3031 1004 3105 ratiocinamur
1036 3028 1314 3115 universalibus,
1341 3028 1373 3100 si

332 3139 537 3214 incidamus
567 3142 607 3215 in
641 3143 913 3215 conclusionem
943 3142 1186 3214 universalem
1216 3163 1369 3235 eamque

332 3254 475 3343 falsam,
498 3254 570 3327 etsi
586 3254 697 3350 vulgo
718 3278 828 3327 error
851 3254 1067 3352 appelletur,
1093 3277 1221 3327 revera
1245 3264 1371 3326 tamen

334 3379 391 3441 est
420 3367 651 3454 absurditas,
686 3368 725 3440 id
753 3378 809 3441 est
839 3368 957 3441 oratio
988 3366 1251 3463 insignificans.
1304 3365 1373 3437 Est

334 3481 434 3554 enim
451 3505 553 3555 error
571 3481 739 3578 deceptio
763 3481 1017 3578 praesumentis
1038 3490 1184 3553 tantum
1208 3478 1254 3551 de
1278 3502 1373 3575 prae-

334 3596 445 3670 terito
473 3597 532 3669 vel
558 3595 695 3684 futuro,
726 3619 809 3691 qnae
836 3595 907 3669 etsi
940 3617 1028 3667 vera
1062 3617 1137 3666 non
1172 3603 1263 3681 erat,
1298 3615 1374 3665 non

335 3722 458 3782 tamen
475 3709 554 3782 visa
576 3719 632 3781 est
651 3707 896 3804 impossibilis.
948 3707 1087 3778 Verum
1111 3704 1259 3801 quando
1286 3730 1374 3778 con-

335 3823 449 3896 clusio
467 3822 681 3896 universalis
698 3834 767 3910 est,
785 3822 855 3894 nisi
878 3832 916 3892 et
932 3843 1020 3892 vera
1036 3819 1096 3908 sit,
1115 3818 1371 3915 conceptibilis

335 3960 410 4009 non
440 3957 508 4009 est.
559 3936 681 4009 Verba
708 3945 844 4025 autem,
872 3933 1003 4028 quibus
1031 3931 1122 4004 nihil
1148 3931 1374 4028 concipimus

334 4060 470 4145 praeter
501 4073 643 4138 sonum,
677 4047 960 4144 insignificantia
991 4045 1064 4119 dici
1093 4045 1213 4119 solent
1243 4055 1281 4117 et
1310 4045 1373 4116 ab·

336 4163 468 4247 surda3
504 4162 627 4259 qualia
661 4172 760 4248 sunt,
795 4160 1023 4257 quadratum
1057 4169 1115 4232 eat
1148 4157 1346 4230 rotandum
1358 4183 1372 4237 ‚·

335 4275 556 4349 ‹raabstonticc
572 4284 657 4347 aunt
681 4272 973 4355 immterialea;
999 4271 1171 4346 achaica
1188 4280 1245 4343 eat
1264 4269 1372 4343 liber.
