2926 4980
525 353 578 404 nn
598 352 780 403 nomme.
1101 333 1169 412 117

122 517 341 592 conditione
365 520 476 594 belli:
513 521 613 619 quod
642 533 698 595 est
727 534 856 595 contra
884 521 1002 617 legem
1027 532 1170 594 naturae
1205 551 1282 600 can.
1294 551 1355 601 xv.

121 630 296 724 primam,
313 658 396 729 quae
412 659 542 732 pacem
558 634 791 731 quaerendam
805 658 883 708 esse
900 634 1027 708 dictat.
1209 632 1353 752 ff

176 744 255 816 Lex
283 756 426 820 naturae
445 748 575 844 quinta
592 759 660 837 est,
678 759 721 820 ut
738 749 989 846 nummumque
1003 772 1044 819 ee
1075 772 1169 819 com·
1211 759 1360 804 munna

124 856 273 930 modum
307 860 459 932 coeteria
483 869 657 960 praestet.
711 860 823 934 Quod
856 872 898 934 ut
930 861 1168 955 intelligatur,

126 971 440 1045 considerandum
458 983 527 1062 est,
541 997 619 1046 esse
637 973 675 1046 in
693 973 883 1048 hominum
897 974 945 1046 ad
958 975 1170 1048 societatem

126 1084 336 1178 aptitudine
359 1085 594 1181 ingeniorum
621 1085 884 1176 diversitatem,
909 1111 932 1160 a
960 1086 1170 1161 diversitate

127 1197 340 1294 passionum
357 1209 491 1287 ortam,
509 1223 585 1271 non
603 1198 815 1272 dissimilem
840 1200 919 1295 ejus
936 1224 1045 1295 quam
1070 1199 1170 1272 vide-

129 1335 212 1384 mus
227 1311 267 1384 in
283 1312 470 1408 congestis
480 1310 528 1384 ad
542 1310 692 1384 domum
706 1311 959 1385 aedificandam
976 1312 1168 1409 lapidibus.

131 1424 236 1497 Sicut
252 1426 350 1498 enim
367 1425 472 1522 lapiS,
491 1425 553 1520 qui
569 1435 721 1521 propter
737 1427 974 1521 asperitatem
987 1438 1025 1498 et
1041 1426 1169 1522 figurae

131 1537 437 1634 irregularitatem
454 1539 537 1635 plus
554 1538 626 1611 loci
636 1538 812 1635 proximis
826 1537 955 1612 adimit
966 1563 1076 1633 quam
1092 1539 1170 1635 ipse

129 1650 269 1746 implet,
287 1676 407 1748 neque
434 1665 587 1750 propter
604 1651 776 1724 duritiem
793 1652 1017 1748 complanari
1033 1662 1168 1748 potest,

130 1766 177 1838 ab
210 1764 476 1840 edificantibus
503 1777 546 1839 ut
576 1765 714 1838 inutilis
739 1777 777 1838 et
803 1765 958 1838 molesta
975 1766 1168 1861 abjicitur:

130 1879 184 1952 ita
199 1879 310 1953 etiam
327 1879 452 1969 homo,
471 1880 534 1975 qui
550 1889 703 1975 propter
721 1878 957 1974 asperitatem
967 1878 1105 1976 ingenii
1123 1879 1170 1953 de

129 1995 240 2066 rebus
257 1993 461 2083 contendit,
479 1991 547 2064 sibi
572 1992 721 2087 quidem
738 1991 941 2087 superfluis,
960 1991 1080 2065 vicino
1105 2017 1169 2065 au-

129 2118 206 2180 tem
234 2106 464 2195 necessariiS,
481 2129 550 2178 nec
575 2115 728 2201 propter
755 2106 953 2177 affectuum
981 2116 1170 2179 contuma-

129 2221 226 2294 ciam
242 2220 378 2316 corrigi
390 2229 527 2315 potest,
539 2244 559 2292 e
573 2219 747 2291 societate
766 2217 966 2312 ejiciendus
983 2229 1049 2292 est.
1078 2219 1170 2293 Cum

129 2334 231 2406 enim
245 2333 496 2429 unusquisque
510 2343 653 2406 naturae
665 2356 740 2405 non
754 2331 864 2405 modo
877 2333 970 2428 lege,
983 2333 1047 2405 sed
1061 2333 1171 2406 etiam

128 2448 361 2536 necessitate,
391 2445 707 2520 conservationem
731 2445 930 2542 propriam,
949 2457 986 2520 et
1013 2471 1096 2543 quae
1123 2446 1171 2519 ad

129 2586 213 2635 eam
234 2560 443 2634 necessaria
469 2571 556 2632 sunt
573 2559 698 2633 conari
715 2559 955 2655 intelligitur;
981 2560 1024 2647 is,
1043 2560 1105 2656 qui
1123 2562 1169 2634 ob

129 2675 316 2772 superflua
333 2684 527 2770 repugnat,
545 2672 632 2746 belli
660 2673 850 2769 sequuturi
874 2696 959 2746 reus
977 2686 1045 2762 est,
1064 2673 1169 2747 facit-

130 2812 202 2883 que
219 2799 351 2860 contra
369 2785 490 2880 legem
507 2798 649 2858 naturae
665 2786 833 2880 primam.

181 2901 257 2972 Lex
277 2918 421 2972 naturae
448 2910 551 2971 sexta
574 2908 642 2987 est,
662 2907 702 2970 nt
728 2899 989 2996 undequumque,
1009 2911 1170 2998 accepta

131 3011 453 3111 temporiafntnri
470 3012 652 3099 contione,
663 3011 893 3109 praeteritae
911 3011 1072 3105 injurias
1083 3038 1170 3110 poe·

131 3124 335 3198 nitentibus
349 3135 386 3198 et
396 3124 612 3223 petentibus
629 3122 820 3196 condonet.
850 3124 946 3196 Nam
964 3123 1171 3199 condonare

132 3237 241 3310 alicui
258 3237 431 3333 injuriam
447 3236 540 3310 nihil
550 3235 650 3308 aliud
664 3246 719 3308 est
737 3260 847 3331 quam
864 3261 992 3333 pacem
1011 3239 1170 3332 petenti-

132 3350 200 3422 bus
226 3375 300 3447 pax
321 3375 515 3435 concessa;
543 3374 623 3447 quae
647 3361 771 3422 tamen
798 3351 1114 3446 perseverantibus
1131 3352 1170 3424 in

133 3462 326 3537 inimicitia
349 3488 423 3536 non
450 3477 506 3538 est
522 3488 606 3560 pau,
633 3463 697 3536 sed
722 3474 853 3536 metus
905 3465 1170 3539 Poenitentibus

134 3589 256 3649 autem
270 3600 345 3650 non
364 3599 549 3665 concessa,
564 3577 709 3673 signum
720 3588 775 3650 est
789 3577 901 3649 animi
913 3601 1035 3674 apace
1048 3579 1169 3667 alieni,

135 3700 174 3762 et
189 3689 344 3787 proinde
362 3700 491 3763 contra
506 3691 625 3787 legem
643 3702 795 3764 naturae.

184 3804 349 3900 Septima
359 3817 425 3893 est,
445 3805 482 3876 in
500 3803 701 3877 ultionibus
714 3829 785 3877 non
798 3804 1072 3902 respiciendum
1089 3829 1170 3878 esse

135 3918 190 3990 ad
199 3918 492 4016 magnitudinem
508 3917 599 3990 mali
608 3918 814 4016 preteriti,
833 3916 904 3990 sed
918 3915 973 3989 ad
983 3919 1170 4017 magnitu-

136 4032 256 4104 dinem
275 4031 360 4104 boni
386 4031 582 4104 nascituri.
635 4032 732 4127 Lege
759 4031 829 4103 hac
845 4031 1001 4103 vetitum
1019 4043 1075 4104 est
1092 4057 1169 4127 poe-

136 4168 220 4217 nam
246 4145 320 4217 alio
338 4145 490 4217 consilio
517 4144 694 4240 infligere,
713 4169 821 4240 quam
848 4155 890 4215 ut
916 4143 978 4239 qni
1003 4146 1170 4239 peccavit

138 4257 363 4346 emendetur,
381 4258 438 4330 vel
456 4268 685 4344 moneantur,
703 4257 764 4351 qni
783 4255 919 4346 vident,
938 4266 979 4329 ut
1006 4270 1169 4330 caveant.
