2926 4980
502 385 556 434 nu
576 385 784 435 crvrrnru.
1092 374 1164 438 235

126 551 261 646 eligere
272 550 341 623 sibi
351 574 476 646 regem
489 575 626 624 novum
639 552 905 648 compulerunt.
928 552 989 624 Sic
1001 552 1112 625 etiam
1126 553 1165 624 in
1178 587 1255 637 cap,
1270 589 1371 638 xm,

127 664 270 737 Graeeia
292 664 455 759 antiqua,
474 664 640 736 civitates
665 665 826 737 minores
842 677 1022 761 perpetuo
1041 666 1166 738 turba·
1207 673 1350 704 *Ὺ*

1179 730 1212 773 De
1221 731 1249 774 iis
1258 733 1332 782 rebus,

126 779 263 850 bantur
279 801 302 849 a
318 777 558 850 seditionibus
576 777 721 868 civium,
740 802 896 873 quorum
913 778 975 850 alii
993 778 1165 852 Lacedae-
1177 810 1227 853 rue
1238 797 1347 840 civitam

126 891 272 964 monins
297 890 433 963 imitati
457 891 738 979 aristocratiam,
759 891 821 963 alii
838 891 1082 965 Athenienses
1100 860 1378 983 ad-l'dldlffi‘fdss

126 1003 302 1077 mirantes
320 1004 582 1077 democratiam
598 1005 888 1100 postulaverunt.
953 1005 1082 1102 Neque
1097 1006 1165 1082 du·
1175 991 1305 1035 ”mmm
1321 991 1375 1050 ⁰³¹²*

126 1116 206 1189 bito
225 1118 312 1211 quin
330 1129 540 1190 nostrorum
555 1118 660 1190 multi
673 1118 821 1207 bellum,
840 1118 940 1214 quod
956 1143 1054 1191 nune
1072 1120 1166 1215 geri·

128 1243 189 1302 tur
214 1231 254 1302 in
279 1231 425 1325 Anglia,
451 1231 607 1303 libenter
631 1231 804 1316 videant;
831 1231 922 1304 nihil
948 1231 996 1305 ad
1021 1232 1167 1306 divitias

129 1345 391 1441 comparandas
408 1345 564 1440 amplius
582 1369 673 1440 opus
695 1370 773 1418 esse
799 1347 980 1435 arbitrati,
998 1371 1107 1443 quam
1125 1357 1167 1419 ut

128 1458 294 1554 exemplo
316 1460 538 1531 Batavorum
564 1483 688 1554 regem
714 1483 820 1531 suum
838 1472 1027 1548 exuerent,
1045 1473 1166 1533 muta-

128 1573 221 1646 tioni
246 1573 433 1668 regiminis
459 1572 605 1645 divitias
630 1573 866 1668 imputantea
894 1598 983 1669 quas
1000 1574 1167 1646 homines

129 1686 181 1758 illi
209 1709 275 1759 sua
304 1686 485 1759 industria
518 1686 775 1782 acquisierant.
844 1688 1024 1760 Homines
1058 1688 1168 1774 enim,

129 1813 263 1872 natura
288 1824 354 1872 sua
378 1800 552 1872 novitatis
578 1799 687 1885 avidi,
715 1801 906 1873 turbarum
923 1802 1029 1874 initia
1045 1823 1169 1873 amare

130 1913 261 2002 solent,
273 1914 342 1985 etsi
356 1913 554 1985 earundem
566 1912 760 1985 duratione
772 1914 1007 1987 offendantur
1019 1945 1028 1997 ;
1043 1938 1169 2008 quem-

129 2026 330 2101 admodum
356 2027 418 2122 qui
444 2051 467 2098 a
492 2026 614 2098 calore
642 2027 829 2122 sanguinis
854 2028 1025 2101 laborant
1048 2028 1169 2122 pruri-

129 2143 227 2238 gine,
244 2142 402 2238 propriis
413 2141 598 2236 unguibus
610 2164 688 2212 sese
698 2141 873 2228 lacerant,
887 2142 939 2215 ita
951 2154 994 2214 ut
1007 2140 1169 2213 dolorem

130 2255 288 2327 tolerare
305 2253 460 2348 amplius
478 2277 552 2325 uon
566 2252 730 2325 valentes
743 2255 912 2325 morbum
929 2263 1143 2349 agnoscant.

182 2368 353 2440 Seorsum
380 2367 418 2438 in
445 2365 679 2453 monarchiis,
697 2365 793 2438 inter
816 2367 1025 2439 rebellionis
1042 2389 1170 2438 causas

131 2479 307 2553 maximas
333 2481 517 2552 numerari
542 2490 666 2575 potest
690 2479 869 2552 librorum
885 2480 1118 2575 politicorum
1132 2489 1170 2551 et

131 2595 400 2681 historicorum,
436 2618 527 2690 quos
558 2593 783 2688 scripsemnt
810 2605 952 2666 veteres
986 2592 1105 2666 Graeci
1132 2603 1170 2664 et

134 2707 301 2796 Romani,
320 2708 442 2780 lectio.
494 2707 654 2779 Juvenes
671 2707 769 2778 enim
796 2707 942 2801 aliique,
962 2708 1170 2803 quicunque

132 2822 285 2894 rationis
315 2821 440 2894 solidae
466 2819 634 2892 antidoto
661 2820 794 2891 muniti
819 2831 905 2893 ante
928 2844 1003 2893 non
1021 2818 1169 2909 fuerint,

134 2957 254 3006 rerum
285 2934 332 3006 ab
364 2933 433 3006 illis
463 2933 560 3005 bello
587 2932 781 3029 magnifice
806 2945 994 3028 gestarum
1011 2934 1171 3006 vividam

130 3048 404 3144 jucundamque
430 3048 704 3143 impressionem
733 3048 992 3143 concipienteS,
1019 3058 1171 3120 caeteras

134 3185 259 3233 eorum
286 3163 449 3235 actiones
474 3161 714 3249 admirantur,
733 3160 996 3257 civitatumque
1026 3161 1171 3234 illarum

134 3274 425 3370 magnitudinem
452 3275 637 3369 imputant
660 3297 748 3358 non,
770 3286 814 3345 ut
843 3274 1018 3369 oportuit,
1043 3275 1172 3347 virtuti

135 3387 366 3481 quorundam
400 3387 546 3475 civium,
583 3385 648 3458 sed
682 3385 870 3481 regiminis
897 3388 1025 3460 formae
1058 3412 1174 3483 popu-

134 3500 212 3572 lari.
264 3500 322 3572 Ab
345 3499 478 3572 horum
510 3500 698 3587 librorum,
727 3499 888 3594 inquam,
919 3501 1076 3573 lectione
1104 3512 1172 3590 est,

137 3613 235 3709 quod
252 3612 419 3686 nonnulli
437 3612 604 3684 homiues
620 3636 746 3707 regem
764 3635 870 3684 suum
896 3612 1173 3703 interfecerunt,

136 3727 222 3823 quia
238 3727 404 3799 facinora
413 3726 502 3798 talia
518 3725 617 3821 apud
630 3725 826 3820 scriptores
839 3724 919 3798 illos
930 3750 1005 3798 nou
1021 3726 1173 3822 flagitia,

135 3853 177 3914 ut
202 3851 299 3928 sunt,
325 3840 568 3936 appellantur,
596 3838 660 3912 sed
685 3838 853 3911 maximis
870 3838 1039 3912 laudibus
1058 3841 1174 3913 extol-

135 3955 273 4042 luntur,
291 3954 413 4041 modo,
432 3963 631 4048 antequam
648 3951 881 4040 interficiant,
896 3962 1092 4048 tyrannum
1110 3977 1174 4047 ap-

134 4068 283 4163 pellent.
336 4069 369 4140 A
395 4067 552 4138 lectione
581 4064 779 4137 eorundem
796 4064 972 4137 librorum
990 4076 1057 4154 est,
1076 4065 1175 4161 quod

137 4182 200 4275 qui
220 4183 287 4254 sub
305 4180 504 4254 monarcha
520 4179 661 4267 vivunt,
690 4203 729 4251 se
755 4178 904 4274 quidem
930 4201 1065 4267 servos,
1094 4180 1175 4252 illos

136 4307 272 4384 autem,
290 4294 352 4389 qui
378 4293 623 4367 democratice
640 4293 902 4387 gubernandis,
921 4291 1018 4365 solos
1035 4317 1114 4367 esse
1131 4294 1175 4366 li-
