2926 4980
543 373 597 424 na
617 373 822 425 cwmnra.
1133 359 1206 424 253

170 551 237 628 est,
268 539 452 635 integrum
487 541 623 613 servari
657 540 777 630 debet,
809 539 1002 636 diligenter
1037 539 1209 613 audiendi
1234 570 1311 620 cup,
1325 569 1411 618 xxx.

172 663 268 725 suut.
1223 649 1407 760 nomm,

215 767 300 839 Dux
313 765 399 837 belli
414 765 483 837 nisi
496 767 681 863 popularis
696 767 755 856 sit,
766 790 884 862 neque
897 767 1078 839 amabitur
1092 787 1211 861 neque
1222 781 1252 825 mi
1262 777 1394 838 inuret*

171 878 358 951 timebitur
376 888 554 973 quantum
573 903 664 975 opus
682 890 739 951 est
766 880 812 952 ab
836 879 1000 952 exercitu
1027 903 1117 962 suo;
1142 900 1212 949 nec

170 991 323 1088 proinde
340 1014 491 1064 munere
505 1016 570 1064 suo
582 1003 682 1065 recte
695 992 946 1088 perfungetur.
974 991 1213 1078 Industrinm,

171 1104 318 1192 fortem,
336 1103 530 1193 affabilem,
547 1104 760 1200 benignum,
777 1105 922 1178 felicem
951 1128 1028 1177 esse
1056 1114 1213 1200 oportet,

171 1229 214 1290 ut
231 1228 269 1289 et
285 1215 422 1288 famam
440 1216 574 1289 habeat
591 1217 680 1289 boni
702 1217 944 1313 imperatoris,
965 1228 1003 1289 et
1019 1229 1062 1289 ut
1080 1217 1214 1289 milites

173 1353 257 1402 suos
270 1329 423 1424 diligere
441 1330 682 1402 existimetur.
709 1329 934 1425 Popularitas
947 1329 1018 1403 hoc
1032 1342 1099 1418 est,
1109 1329 1215 1402 facit-

173 1468 244 1539 que
262 1456 304 1514 ut
320 1443 453 1515 milites
470 1444 597 1538 gratiae
619 1465 694 1516 suae
715 1466 754 1514 se
775 1443 1042 1516 commendent.
1076 1442 1216 1516 Eadem

173 1556 404 1653 imperatoris
421 1556 459 1627 in
477 1557 663 1646 militibus,
683 1555 829 1651 quando
845 1578 936 1650 opus
950 1568 1018 1646 est,
1032 1556 1215 1652 corrigen-

175 1669 231 1741 dis
249 1668 481 1741 severitatem
499 1680 617 1740 tutam
635 1669 757 1742 efficit.
790 1668 1042 1742 Veruntamen
1059 1669 1215 1765 impera-

175 1793 246 1869 tor,
263 1779 388 1853 favore
403 1781 572 1869 militum,
589 1782 661 1854 nisi
678 1782 863 1856 fidelitatis
881 1784 959 1878 ejus
976 1783 1099 1856 cautio
1112 1781 1216 1855 adhi-

174 1894 315 1982 beatur,
334 1894 474 1967 civitati
490 1896 715 1991 periculosus
733 1897 800 1980 fit;
827 1910 865 1968 et
888 1896 1045 1970 maxime
1076 1895 1218 1970 civitati

176 2008 442 2080 democraticae.
494 2009 554 2081 Ad
571 2009 730 2081 officium
749 2032 836 2104 ergo
854 2011 944 2104 ejuS,
962 2011 1025 2105 qui
1039 2033 1217 2083 summam

176 2121 288 2193 habet
309 2129 542 2215 potestatem,
556 2120 731 2217 pertinet,
749 2145 796 2192 ne
819 2122 1047 2194 exercituum
1068 2145 1217 2194 suorum

176 2233 370 2330 imperium
397 2233 466 2306 nisi
493 2246 530 2306 et
550 2233 704 2305 ducibus
722 2233 875 2322 idoneis
893 2234 1094 2331 iisdemque
1110 2234 1216 2307 bonis

178 2348 330 2435 civibus,
344 2347 519 2419 mandare
533 2347 632 2419 velit.

230 2460 387 2534 Quando
414 2473 537 2533 autem
564 2460 626 2556 qui
652 2484 831 2532 summam
856 2460 967 2534 habet
996 2472 1219 2556 potestatem

179 2572 364 2668 popularis
382 2573 460 2668 ipse
478 2585 543 2662 est,
560 2597 583 2645 a
599 2572 845 2669 popularitate
863 2574 1112 2669 cujuscunque
1130 2574 1219 2647 civis

178 2685 380 2781 periculum
391 2687 608 2758 nullumest.
635 2686 776 2758 Ducem
787 2687 883 2758 enim
896 2698 1219 2783 quantumcunque

180 2809 339 2870 amatum
366 2810 496 2871 contra
518 2822 642 2893 regem
665 2822 782 2888 suum,
800 2799 871 2871 nisi
895 2823 978 2871 eum
1002 2809 1066 2871 aut
1081 2798 1219 2872 factum

181 2913 258 3007 ejus
283 2912 433 3006 aliquod
459 2912 616 2999 oderint,
643 2911 777 2984 milites
814 2923 988 3007 sequutos
1022 2935 1100 2984 esse
1133 2935 1220 2985 nus-

182 3049 291 3120 quam
315 3025 482 3121 legimus.
547 3024 755 3121 lmperandi
783 3025 880 3097 enim
901 3027 962 3120 jus
988 3026 1221 3100 manifestum

182 3161 240 3210 res
257 3137 348 3210 adeo
365 3138 550 3234 popularis
568 3150 636 3227 est,
654 3149 696 3210 ut
713 3138 761 3210 ad
778 3138 1025 3212 conciliandos
1043 3140 1112 3212 sibi
1124 3141 1220 3214 cives

182 3252 300 3325 solum
318 3252 483 3325 sufficiat.

233 3366 288 3438 De
306 3366 434 3438 officiis
452 3389 676 3438 summorum
693 3367 951 3462 imperantium
968 3390 1093 3440 versus
1110 3389 1149 3440 se
1166 3366 1222 3439 in-

183 3479 300 3551 vicem
314 3479 406 3551 nihil
420 3478 551 3567 dicam,
564 3479 634 3550 nisi
649 3479 747 3574 quod
760 3480 1019 3554 contineantur
1031 3481 1070 3552 in
1082 3479 1224 3575 legibus

184 3603 326 3664 naturae
343 3615 454 3687 supra
469 3591 773 3664 commemoratis.
826 3592 922 3664 Nam
931 3594 999 3688 jus
1006 3593 1174 3690 gentiam
1187 3603 1225 3666 et

176 3705 244 3798 jue
256 3714 407 3776 nataroe
424 3704 522 3776 idem
539 3715 636 3775 sunt.
689 3703 800 3778 Quod
811 3705 932 3800 potuit
944 3705 1023 3777 fieri
1036 3717 1122 3777 ante
1139 3704 1226 3777 civi-

184 3827 280 3889 tates
295 3818 512 3890 constitutas
526 3816 722 3912 aquolibet
735 3818 894 3906 homine,
904 3817 1002 3890 idem
1012 3817 1092 3889 fieri
1101 3829 1227 3913 potest

185 3953 251 4025 per
272 3933 332 4026 jus
357 3929 523 4025 gentium
549 3953 571 4001 a
598 3929 759 4024 qualibet
784 3930 952 4013 civitatc;
979 3942 1018 4002 et
1042 3929 1113 4019 lex,
1144 3954 1226 4026 qnae

185 4042 325 4115 homini
344 4054 428 4115 ante
442 4043 528 4138 jura
544 4041 665 4115 civilia
680 4042 769 4138 quid
781 4042 965 4139 agendum
978 4056 1016 4115 et
1030 4043 1119 4138 quid
1131 4044 1226 4141 fugi-

186 4156 321 4228 endum
351 4156 399 4227 sit
431 4156 569 4244 definit,
596 4155 723 4227 eadem
753 4156 961 4229 civitatibus
990 4180 1056 4251 per
1086 4180 1226 4229 summe

186 4269 443 4366 imperantium
453 4269 696 4343 conscientias
710 4269 849 4343 dictare
859 4269 1089 4366 intelligitur.
1117 4270 1227 4344 (ituria
