2926 4980
12 499 32 548 ³.
46 497 83 548 u.

12 582 90 663 *ἵ
131 580 325 653 haereticos
342 581 452 677 ipsos,
464 583 529 655 sed
541 583 580 655 in
597 607 659 656 eos
678 583 740 678 qui
756 583 869 656 libros
886 581 971 655 illos
985 580 1205 654 damnatos

12 665 79 696 ΒΜ.

133 286 204 351 552
364 299 580 353 arcnumx
599 301 654 353 an
674 301 934 354 tnvmrnau.

131 466 420 541 combustionem
433 469 557 561 (etiam
570 480 739 558 mortem,
752 469 817 543 sed
833 493 908 543 non
924 468 967 541 in
981 468 1206 564 scriptores

132 693 180 766 ad
206 694 330 789 ignem
359 718 433 767 non
454 695 707 791 protulerint),
734 707 885 768 eratne
910 693 1134 767 Christiani
1161 705 1203 766 et

132 807 317 903 praecipue
334 807 467 880 milites
483 807 700 881 secederent
723 808 761 880 in
778 819 912 904 partes,
931 818 973 880 et
989 818 1138 879 mutuo
1157 829 1200 879 se

134 919 356 993 occiderent.
419 920 568 994 Nullam
597 932 721 993 tamen
748 920 868 1017 legem
901 919 1197 1016 imperatoriam

133 1033 298 1107 invenire
326 1057 487 1130 possum,
513 1058 587 1130 qua
614 1033 778 1106 haretici
804 1031 963 1106 necandi
988 1046 1097 1121 sunt,
1126 1055 1194 1106 ex-

134 1147 252 1243 ceptis
270 1146 497 1236 Manichacus,
514 1170 606 1243 quos
622 1170 692 1242 ego
710 1170 785 1219 non
801 1159 877 1219 tam
892 1169 961 1242 pro
979 1145 1191 1234 haereticis

135 1284 247 1356 quam
280 1283 348 1355 pro
377 1259 474 1332 fictis
506 1259 726 1333 Christianis
755 1270 793 1332 et
823 1259 1013 1333 sceleratis
1049 1260 1189 1333 habeo.

135 1373 273 1468 Legem
291 1370 438 1466 quidem
452 1372 611 1460 invenio,
629 1397 704 1469 qua
718 1372 829 1446 homo
846 1371 1019 1445 ethnicus
1036 1373 1101 1446 vel
1119 1374 1188 1446 an

136 1485 249 1572 doeus,
265 1484 295 1555 si
312 1482 488 1579 gentilem
505 1508 612 1558 suum
635 1485 773 1559 factum
792 1484 1045 1558 Christianum
1063 1496 1188 1560 tenta·

134 1598 230 1670 verit
243 1622 265 1669 a
278 1596 349 1669 fide
361 1597 570 1672 Christiana
582 1623 767 1689 revocare,
782 1598 1058 1672 comburendus
1073 1613 1184 1673 esset

137 1710 211 1784 Sed
227 1711 297 1783 hoc
318 1710 408 1783 nihil
431 1712 565 1785 attinet
591 1711 639 1785 ad
663 1712 882 1808 supplicium
903 1711 1181 1786 haereticornm.

136 1823 272 1896 Audivi
296 1823 444 1919 quidem
468 1826 728 1922 imperatorem
750 1825 980 1899 Fredericum
998 1826 1183 1901 AEnobar·

135 1936 224 2009 bum
242 1936 287 2010 de
305 1937 553 2011 comburendo
582 1939 756 2012 haeretico
784 1939 903 2036 legem
919 1939 1075 2024 tulisse;
1101 1940 1175 2029 sed,

137 2050 206 2123 etsi
240 2051 279 2123 in
312 2051 439 2124 codice
468 2052 669 2125 lustiniani
701 2051 1004 2125 constitutionem
1035 2055 1174 2150 reperio

136 2163 320 2236 Frederici
348 2163 456 2252 illius,
485 2165 763 2236 confirmantem
793 2164 1060 2259 imperatorum
1085 2189 1177 2262 prae-

137 2276 346 2350 oedentium
376 2277 658 2350 constitutiones
688 2276 734 2349 de
760 2277 878 2372 poenis
906 2277 1179 2369 haereticorum,

136 2389 236 2463 nulla
265 2399 389 2462 tamen
418 2400 520 2462 extat
550 2388 596 2462 de
621 2390 872 2463 combustione
905 2390 1180 2467 haereticorum.

137 2504 276 2598 Itaque,
293 2517 470 2598 quantum
488 2505 700 2599 conjectura
716 2504 860 2599 assequi
874 2527 1035 2599 possum,
1048 2506 1182 2579 modus

136 2616 196 2689 ille
223 2616 401 2712 puniendi
427 2618 619 2690 haereticos
647 2617 756 2712 paulo
780 2628 865 2712 post
884 2628 1054 2713 tempora
1072 2619 1182 2715 Papae

137 2730 337 2802 Alexandri
355 2730 410 2800 ΙΙΙ
429 2729 552 2825 coepit‚
571 2730 634 2825 qui
651 2731 789 2825 primus
815 2754 890 2802 una
913 2754 997 2802 cum
1023 2731 1184 2828 impera·

137 2856 219 2917 tore
247 2842 309 2914 illo
340 2843 533 2938 imperium
562 2844 682 2939 ipsum
709 2855 746 2914 et
775 2843 981 2939 principum
1013 2846 1184 2919 omnium

136 2957 235 3053 leges
253 2956 494 3029 conculcavit.
548 2956 743 3052 Utcunque
771 2955 810 3027 id
828 2957 888 3045 sit,
903 2970 1046 3029 certum
1065 2972 1124 3031 est
1142 2960 1182 3034 in

136 3074 270 3171 Anglia
286 3085 424 3161 nostra,
442 3075 487 3146 ab
506 3074 567 3146 illo
585 3074 661 3146 fere
688 3086 852 3168 tempore
879 3097 992 3168 usque
1018 3074 1066 3146 ad
1088 3088 1184 3149 tem·

136 3210 226 3282 pora
251 3188 401 3283 Reginae
422 3188 657 3276 Elisabethae‚
677 3186 939 3260 consuetudine
962 3188 1125 3283 quadam
1141 3192 1183 3265 in

137 3300 255 3395 legem
272 3312 483 3374 transeunte
500 3302 692 3376 haereticos
710 3302 874 3374 comburi
892 3302 1018 3374 solitos
1036 3325 1129 3378 esse.

187 3415 235 3487 Α.
262 3416 477 3488 Definitioni
507 3440 595 3511 ergo
623 3417 804 3489 haereseos
835 3416 880 3487 ab
905 3416 976 3488 hoc
1010 3428 1182 3513 tempore

137 3528 275 3602 voculae
305 3529 447 3623 aliquot
469 3528 686 3624 adjiciendae
704 3541 811 3600 sunt:
839 3528 1023 3618 nimirum,
1042 3543 1085 3602 nt
1102 3531 1182 3605 hae-

136 3641 225 3714 resis
254 3642 302 3713 sit
325 3641 494 3715 doctriua
519 3653 649 3714 contra
671 3640 782 3713 fidem
800 3640 1038 3728 Catholicam,
1057 3644 1181 3718 vindi-

136 3754 254 3827 canda
270 3754 367 3851 igne.

186 3868 234 3939 B.
262 3868 321 3940 Ita
338 3881 405 3940 est.

186 3981 234 4052 Α.
263 3981 347 4054 Quo
372 3981 508 4077 judice,
536 4004 609 4075 qua
630 3979 820 4075 judicandi
845 3977 975 4067 forma,
1003 3979 1179 4055 condem-

137 4095 249 4175 nandi
267 4109 375 4168 erunt
393 4093 585 4169 haeretici?

186 4212 234 4291 B.
261 4213 469 4307 Antequam
497 4211 691 4312 imperium
711 4212 748 4283 in
772 4210 1009 4305 imperatores
1028 4234 1179 4285 exercet
