2926 4980
298 338 371 417 270
539 354 593 408 nu
613 354 805 410 ctvtrnru
825 357 1091 409 conssrant.

633 702 793 776 CAPUT
818 703 999 777 XXXIII.

298 876 345 927 DE
372 876 536 943 NUMRRO,
565 878 816 943 ANTIQUITATE,
847 878 965 944 sc0P0,
993 878 1260 946 AU'I'IIORITA'I'E,
1290 878 1336 928 BT

465 977 747 1027 INTERPRETIBUS
765 978 946 1026 LIBRORUM
966 978 1170 1027 SACRORUM.

86 1118 286 1169 ennxxxtu
350 1091 461 1165 Libri
479 1092 592 1167 Sacri
619 1093 672 1167 illi
699 1105 795 1183 sunt,
823 1094 886 1191 qui
909 1119 978 1190 pro
1004 1094 1089 1168 vitae
1116 1094 1336 1168 Christianae

115 1201 252 1234 Ν-γ-ν

87 1263 122 1305 De
130 1275 227 1313 numero,
235 1276 271 1306 su-

87 1327 277 1404 scultamus
300 1317 445 1390 vivendi
462 1318 596 1414 regulae
624 1318 695 1392 illis
722 1320 853 1415 quibus
878 1321 1177 1416 praescribuntur,
1196 1321 1227 1394 si
1253 1320 1336 1395 illas

86 1393 286 1514 XIXIIIIX
299 1435 492 1507 observare
505 1434 724 1530 obligantur,
739 1436 838 1531 leges
854 1448 964 1519 sunt;
993 1438 1146 1533 quaestio
1159 1437 1278 1511 oritur
1289 1437 1335 1510 de

85 1535 262 1566 mmm
298 1547 450 1643 legibus,
479 1571 546 1644 per
563 1558 684 1622 totum
709 1550 835 1622 orbem
853 1549 1112 1639 Christianum,
1131 1562 1210 1622 tum
1228 1563 1319 1624 natu

298 1661 433 1735 talibus
466 1672 546 1734 tum
578 1661 757 1751 eivihbus,
792 1686 951 1758 quanam
985 1662 1207 1737 authoritate
1234 1663 1336 1758 leges

296 1774 404 1847 factae
429 1775 513 1847 sint.
566 1775 787 1871 Quanquam
812 1775 908 1847 enim
935 1776 972 1848 in
1001 1776 1191 1872 Scriptura
1209 1777 1334 1864 Sacra,

299 1910 387 1982 quas
403 1886 503 1982 leges
525 1887 777 1985 unusquisque
794 1911 860 1960 rex
876 1888 952 1960 sive
969 1901 1086 1962 coetus
1104 1889 1335 1962 Christianus

298 1999 521 2072 constituere
544 1999 583 2072 in
601 1999 764 2073 dominio
782 2024 847 2073 suo
876 2001 1020 2090 debeat,
1043 2001 1233 2074 definitum
1258 2026 1334 2075 non

297 2112 368 2196 sit;
395 2135 485 2209 quas
511 2125 635 2185 tamen
662 2113 885 2187 constituere
907 2139 983 2188 non
1002 2114 1122 2202 debet,
1142 2115 1333 2188 definitum

297 2239 363 2299 est.
416 2226 508 2300 Cum
519 2238 642 2299 autem
657 2237 848 2300 ostensum
858 2228 906 2300 sit
919 2252 1041 2325 supra,
1056 2228 1148 2317 illos,
1160 2229 1224 2323 qui
1238 2252 1336 2301 sum-

297 2364 395 2413 mam
411 2340 548 2412 habent
564 2339 603 2411 in
617 2339 764 2413 civitate
781 2365 848 2413 sua
863 2353 1097 2437 potestatem,
1115 2340 1211 2414 solos
1227 2339 1335 2437 legis·

296 2453 431 2525 latores
448 2476 538 2541 esse,
564 2452 727 2548 sequitur
754 2453 866 2526 libros
893 2454 974 2527 illos
1003 2454 1098 2527 solos
1125 2455 1334 2542 canonicos,

296 2566 335 2638 id
353 2577 419 2655 est,
438 2565 537 2661 leges
556 2567 686 2639 esseio
697 2591 915 2663 unaquaque
933 2569 1091 2656 civitate,
1108 2591 1190 2664 quae
1203 2567 1334 2639 summi

295 2678 509 2774 imperantis
541 2678 764 2752 authoritate
790 2679 887 2757 lataez
905 2695 1000 2751 sunt.
1070 2679 1333 2775 Imperantium

296 2793 461 2866 omnium
477 2792 677 2888 imperator
696 2792 794 2865 Deus
805 2793 951 2888 quidem
967 2804 1032 2881 est,
1049 2805 1086 2865 et
1096 2792 1148 2865 illi
1162 2792 1334 2866 acivibus

295 2905 505 3001 praestanda
522 2916 576 2978 est
594 2905 824 2986 obedIentia;
852 2905 1027 3000 quicquid
1052 2907 1090 2978 in
1109 2907 1335 2978 contrarium

295 3019 424 3113 jubeat
442 3042 506 3091 rex
524 3032 703 3091 terrenus.
757 3017 830 3091 Sed
848 3019 893 3090 de
911 3018 1117 3091 obedientia
1145 3020 1225 3091 Deo
1242 3043 1335 3115 prae-

297 3132 429 3206 standa
454 3131 702 3205 controversia
726 3130 827 3204 nulla
853 3143 921 3220 est,
941 3130 1170 3228 sedqaaado
1189 3131 1338 3228 etquid

297 3247 468 3343 loquutus
496 3246 545 3317 sit
572 3245 693 3327 Deus;
729 3245 768 3317 id
794 3244 893 3338 quod
920 3245 967 3317 ab
997 3244 1053 3333 iis,
1074 3244 1205 3339 quibus
1234 3243 1336 3316 nulla

298 3358 384 3433 data
401 3370 457 3432 est
473 3357 648 3431 revelatio
666 3358 962 3455 supernaturalia,
989 3358 1074 3430 sciri
1099 3382 1172 3430 non
1199 3369 1334 3453 potest,

297 3473 367 3545 nisi
384 3496 450 3569 per
462 3472 644 3545 rationem
662 3471 761 3545 illam
778 3472 994 3559 naturalem,
1010 3495 1083 3567 qua
1094 3470 1195 3566 pacis
1213 3481 1250 3543 et
1259 3472 1336 3566 jus·

297 3585 387 3659 titiae
413 3585 623 3658 obtinenda
651 3609 762 3658 causa
786 3584 1000 3658 authoritati
1027 3607 1250 3656 summamm
1268 3607 1335 3678 po-

296 3709 471 3772 testatum
502 3722 580 3772 sese
615 3699 872 3772 submiserunt.
942 3699 1078 3786 Quare,
1112 3695 1231 3769 nullos
1264 3719 1334 3790 ego

296 3811 409 3886 libros
426 3837 494 3909 pro
513 3813 704 3909 Scriptura
722 3813 834 3886 Sacra
850 3834 1047 3906 agnoscere
1059 3811 1185 3895 debeo,
1199 3822 1334 3905 praeter

298 3949 359 3998 eos
378 3950 468 4022 quos
485 3925 641 3999 sancivit
658 3924 820 3998 Ecclesia
832 3923 1046 4020 Anglicana.
1091 3923 1251 3999 Quinam
1269 3947 1332 3995 au-

298 4051 373 4111 tem
390 4039 443 4111 illi
459 4039 544 4111 libri
562 4039 648 4127 sint,
670 4061 743 4111 non
762 4049 817 4111 est
834 4061 925 4133 opus
942 4037 1012 4109 hoc
1030 4037 1112 4110 loeo
1131 4059 1332 4109 recensere.

297 4151 522 4224 Testamenti
556 4151 699 4223 Veteris
730 4162 899 4223 numerat
928 4150 1109 4246 Josephus
1136 4148 1268 4244 viginti
1296 4159 1333 4219 et

298 4262 414 4337 duos:
442 4287 585 4359 nempe,
604 4263 720 4337 Mosis
738 4263 911 4359 quinque,
929 4263 1197 4358 Prophetarum
1214 4259 1333 4335 trede-

299 1228 440 1278 canone
457 1205 532 1278 sive
550 1206 678 1301 regula
694 1206 853 1279 habendi
866 1221 962 1280 sunt.
1007 1208 1190 1282 Quoniam
1211 1219 1335 1281 autem
