2926 4980
354 303 427 371 562
588 318 807 371 Annnnnrx
825 318 882 371 An
901 319 1169 373 nnvrannnu.

172 517 249 568 car.
263 517 315 569 ru.
354 500 447 573 vidis
463 511 501 572 et
526 501 694 573 Jesseum
717 499 832 574 fuisse
858 501 1143 599 incorporeos?
1214 500 1425 592 Praeterm,

167 598 313 719 ῃῖῳᾟζ
356 614 523 688 Patribus
553 615 709 688 Concilii
739 614 872 688 Niceni
897 614 935 686 in
960 615 1084 687 animo
1122 625 1214 689 erat
1240 614 1426 689 condem·

166 725 326 834 222²ssjffffm
356 751 445 801 nare
474 750 540 823 per
567 727 658 800 illud
688 727 893 824 symbolum
913 750 989 799 non
1006 726 1121 800 modo
1140 728 1427 817 Arianismum,

165 862 199 898 tr·
213 855 336 899 whom
359 840 549 914 sedetiam
565 840 721 914 haereses
739 864 866 913 omnes
883 863 965 935 quae
981 851 1261 935 postmortem
1272 840 1427 917 Domini

358 957 396 1029 iu
415 955 604 1028 ecclesiam
621 955 864 1050 irrepserant3
882 977 1037 1050 quarum
1057 977 1141 1027 nna
1154 966 1249 1029 erat
1269 956 1427 1029 anthro-

355 1069 685 1165 pomorphitarum,
699 1069 761 1163 qui
782 1069 860 1141 Deo
884 1066 1047 1164 corporis
1064 1067 1233 1142 humani
1252 1071 1427 1143 membra

353 1183 620 1267 attribuerent3
647 1206 722 1254 non
748 1195 873 1256 autem
898 1182 1151 1256 condemnare
1178 1184 1347 1280 eosqui
1363 1208 1424 1259 re-

353 1321 446 1385 rum,
471 1295 619 1383 realem,
642 1306 680 1367 et
709 1318 843 1390 purum
870 1295 1050 1391 spiritum,
1076 1318 1320 1391 corporeum
1344 1320 1423 1371 esse

353 1433 437 1481 cum
454 1407 680 1481 Tertulliano
698 1408 930 1504 scripserant.
978 1406 1037 1479 Illi
1054 1406 1233 1503 quidem,
1254 1412 1323 1507 qui
1341 1411 1421 1485 Deo

352 1521 553 1617 puritatem
570 1519 750 1611 tribuunt,
761 1532 863 1595 recte
875 1522 1018 1595 faciunt
1032 1552 1042 1604 3
1060 1532 1119 1594 est
1136 1523 1249 1597 enim
1267 1523 1417 1599 honori·

353 1635 474 1706 ficum.
514 1632 588 1705 Sed
604 1633 823 1707 tenuitatem
833 1635 1046 1722 attribuere,
1062 1656 1150 1729 quae
1164 1636 1315 1731 gradus
1332 1639 1412 1735 qui-

354 1747 438 1819 dam
456 1745 580 1819 estad
605 1747 837 1836 nihilitatem,
863 1747 1113 1844 periculosum
1138 1764 1219 1823 est.
1268 1750 1406 1825 Johan-

352 1884 418 1934 nes
444 1860 702 1950 Damascenus,
730 1884 916 1957 exponens
947 1859 1057 1932 fidem
1087 1858 1286 1951 Nicennm,
1313 1864 1398 1937 libri

352 1973 462 2071 primi
478 1973 598 2068 capite
619 1973 763 2047 decimo
789 1973 925 2046 tertio:
953 1972 1182 2046 Divinorum
1211 1975 1390 2066 minam,

353 2088 484 2185 inquit,
496 2086 577 2159 alia
591 2088 769 2185 negativa
783 2096 881 2176 aunt,
891 2085 1155 2184 significantia
1172 2088 1224 2161 id
1233 2087 1324 2187 qaod
1334 2098 1388 2161 eat

352 2225 472 2300 supra
483 2197 744 2288 substantia-m,
755 2209 797 2283 at
814 2214 954 2288 ἀνόυσιος,
967 2198 1011 2271 id
1025 2207 1096 2286 est,
1109 2199 1199 2273 aine
1216 2201 1388 2285 essentia,-

354 2325 486 2402 ἅχρονος,
502 2312 584 2383 aine
605 2320 798 2408 tempore;
825 2323 963 2401 ἄναρχος,
981 2311 1062 2383 sine
1077 2312 1282 2411 principio
1292 2342 1308 2399 ,·
1332 2338 1394 2387 non

353 2424 456 2522 quod
470 2424 529 2496 hia
547 2422 785 2520 irfferiorsit
803 2423 875 2497 aed
897 2424 1001 2521 quod
1021 2447 1142 2520 stupra
1169 2424 1258 2499 hoec
1281 2428 1398 2501 omia

352 2537 476 2610 elatus
492 2537 556 2610 ait.
606 2536 712 2610 Deua
729 2540 824 2611 enim
841 2539 879 2610 in
896 2562 1045 2610 nrtmero
1066 2538 1207 2613 entium
1233 2566 1309 2615 nou
1333 2552 1399 2632 eet,

353 2650 425 2723 aed
450 2674 570 2747 supra
600 2675 646 2722 ea
672 2652 805 2724 onznia.
869 2650 981 2722 Vides
1008 2650 1219 2726 Johannem
1250 2654 1401 2728 Damas-

354 2788 497 2851 ceuum,
523 2762 780 2859 philosophum
806 2762 1092 2850 Aristotelicum,
1115 2764 1172 2853 (ut
1198 2766 1332 2842 videre
1348 2784 1402 2843 est

354 2901 399 2949 ex
418 2900 527 2973 opere
546 2878 623 2972 ejus
642 2877 864 2970 dialectico),
876 2877 1105 2972 eundemque
1118 2889 1266 2972 patrem
1284 2884 1399 2957 eccle

354 2991 416 3062 siae
445 3005 483 3062 et
513 2989 702 3063 doctorem
732 2992 845 3088 pium,
882 2990 968 3063 dum
1002 2991 1133 3063 metuit
1160 2992 1289 3068 dicere
1315 3022 1401 3070 cum

353 3104 577 3177 Tertulliano
596 3104 716 3177 Deum
733 3128 811 3177 esse
825 3128 969 3199 corpus,
988 3116 1026 3176 et
1043 3104 1167 3177 studet
1184 3109 1401 3184 crassitudi-

353 3242 436 3289 nem
467 3241 684 3312 corpoream
715 3230 919 3305 attenuare,
948 3243 1057 3313 quam
1089 3219 1229 3311 (nescio
1262 3225 1397 3317 quare)

353 3330 432 3402 Deo
463 3330 651 3425 indignam
680 3344 798 3430 putat,
824 3333 863 3403 in
889 3332 1001 3403 verba
1018 3332 1128 3403 athea
1145 3332 1324 3426 incidere,
1344 3338 1400 3411 di-

353 3456 496 3516 centem
509 3444 628 3517 Deum
645 3456 774 3514 ὰνούσιον
787 3469 876 3533 esse,
894 3456 932 3516 et
947 3445 1037 3516 nihil
1056 3470 1183 3518 eorum
1197 3469 1282 3541 quae
1299 3462 1400 3525 suut.

402 3559 450 3629 A.
478 3558 547 3630 Per
559 3569 687 3626 ἀνούσιον
699 3560 790 3632 nihil
807 3560 868 3632 ille
884 3558 1027 3651 (credo)
1047 3560 1255 3655 significare
1265 3563 1399 3654 voluit,

351 3691 485 3767 praeter
502 3672 718 3744 increatum.

403 3785 452 3857 B.
480 3785 660 3856 Fortasse.
713 3784 813 3858 Quid
831 3797 952 3858 nutem
979 3810 1070 3880 opus
1088 3799 1179 3873 erat,
1196 3801 1400 3886 postquam

352 3899 478 3995 paneis
505 3908 591 3969 ante
608 3898 772 3971 versibus
798 3899 843 3971 de
869 3900 1048 3971 attributo
1076 3899 1150 3984 illc,
1174 3899 1397 3995 increatum,

352 4013 440 4084 satis
458 4012 601 4084 locutus
631 4025 739 4100 esset,
758 4036 883 4086 rursus
902 4013 997 4085 idem
1016 4013 1137 4085 dicere
1162 4035 1228 4106 per
1255 4037 1399 4093 nomeu

352 4125 444 4197 illud
469 4149 543 4198 non
569 4125 773 4212 ferendum,
791 4127 946 4198 avutam?
996 4126 1087 4198 Cum
1106 4125 1264 4219 denique
1282 4130 1400 4205 sciret

352 4239 519 4334 spiritum
549 4264 705 4325 omnem,
738 4250 924 4335 utcunque
959 4252 1118 4326 tenuem,
1153 4261 1229 4310 esse
1262 4250 1395 4317 tamen
