2926 4980
355 372 572 427 Arrnumx
591 373 647 427 sn
666 374 923 427 envrnrnsu.
1089 358 1163 435 567

120 565 198 614 rem
220 540 331 614 verbo
366 544 625 638 significatam,
649 567 800 617 earnem
829 543 965 619 factam
996 566 1074 617 esse
1098 566 1165 639 pu·

120 666 177 728 tas
196 655 208 726 i
261 656 362 729 Quid
379 658 591 754 significant
607 657 671 730 illa
689 660 803 731 verba
820 657 984 754 ejusdem
1007 656 1163 752 apostoli

124 769 337 863 (Apocxiii.
353 775 411 862 8):
431 772 565 868 Agnus
579 773 724 845 occisus
737 772 995 868 ofundotioae
1006 771 1164 845 mendi?

121 882 293 956 Potuitne
321 885 440 957 occidi
471 898 671 981 antequam
697 884 977 958 incarnaretur?
1029 885 1163 957 Nonne

122 996 287 1091 sequitur
307 996 405 1085 inde,
426 1009 505 1070 tum
530 998 824 1071 incarnationem
851 1010 931 1072 tum
959 997 1166 1095 passionem

122 1109 282 1197 Domini,
318 1133 400 1205 quae
433 1110 472 1182 in
506 1124 674 1207 ternpore
703 1122 820 1200 erant,
850 1111 962 1184 fuisse
994 1123 1167 1184 tamena

120 1222 338 1296 fundatione
353 1223 499 1297 mundi?
527 1225 602 1299 Qui
615 1235 739 1320 potest
748 1225 818 1297 hoc
832 1247 911 1298 esse
924 1225 1043 1314 aliter,
1056 1247 1166 1320 quam

122 1335 161 1407 in
185 1335 335 1409 decreto
358 1347 496 1410 aetemo
521 1337 666 1410 Patris?
718 1337 829 1413 Quod
857 1336 1058 1425 decretum,
1078 1335 1166 1433 quid

123 1447 224 1520 aliud
240 1459 306 1537 est,
325 1474 435 1545 quarn
458 1474 517 1523 res
536 1449 709 1522 decreta?
761 1450 895 1523 Nonne
908 1449 1038 1523 eodem
1055 1448 1166 1522 modo

122 1562 234 1634 etiam
254 1563 411 1658 Spiritus
430 1565 586 1636 Sanctus
604 1563 739 1636 dicitur
759 1564 864 1655 (Luc.
878 1564 976 1637 xxiv.
989 1565 1068 1657 49),
1081 1587 1167 1659 pro-

123 1675 249 1749 missio
267 1676 413 1749 Patris?
456 1677 559 1774 Ego,
578 1676 668 1749 dicit
688 1676 866 1765 Christus,
884 1677 1029 1749 mittam
1047 1677 1085 1750 in
1102 1701 1167 1750 vos

117 1789 402 1886 promissionem
418 1789 553 1863 Patris
571 1789 653 1862 mei.

174 1902 222 1976 A.
250 1902 380 1997 Capite
411 1902 688 1998 quadragesimo
717 1900 891 1989 secundo,
919 1899 968 1973 ad
994 1903 1168 1998 quaestio-

123 2039 220 2104 nem,
248 2022 270 2054 “
284 2016 385 2090 Quid
402 2015 432 2088 si
450 2016 532 2112 quis
549 2015 667 2088 fidelis
685 2039 708 2087 a
723 2013 889 2111 principe
907 2039 974 2087 suo
1001 2016 1166 2111 legitimo

120 2129 294 2223 jubeatur
310 2153 446 2224 negare
465 2128 687 2214 Christum‚'’
705 2127 913 2223 respondet,
928 2128 1070 2200 licitum
1087 2153 1167 2202 esse

125 2240 274 2313 obedire
290 2272 299 2325 ;
326 2242 492 2337 exemplo
507 2240 690 2315 Naamani
716 2240 811 2336 Syri,
826 2241 886 2313 cui
905 2240 1119 2314 dictumest
1146 2266 1168 2314 a

125 2355 317 2449 propheta,
335 2354 431 2427 vade
449 2355 487 2427 in
500 2380 611 2453 poce.
666 2355 759 2428 Quae
783 2354 896 2426 verba
912 2377 986 2426 non
1007 2353 1096 2426 mihi
1113 2354 1166 2426 vi-

126 2466 259 2539 dentur
276 2467 479 2563 permissio,
498 2468 563 2541 sed
579 2467 738 2541 formula
753 2466 1016 2540 valedictionis.

178 2581 225 2652 B.
254 2581 312 2654 Ita
337 2579 503 2670 fortasse,
528 2581 559 2654 si
586 2579 725 2677 aliquid
750 2579 850 2652 aliud
873 2580 927 2652 illi
951 2580 1010 2653 vel
1036 2605 1169 2678 appro-

126 2695 248 2767 bando
262 2694 320 2766 vel
333 2694 573 2790 improbando
591 2692 862 2789 respondisset:
889 2704 929 2765 at
942 2693 981 2766 in
998 2693 1069 2767 hoe
1086 2694 1168 2768 loco

126 2807 234 2880 aliter
252 2832 360 2902 quarn
378 2831 445 2903 pro
462 2807 701 2903 permissione
728 2805 884 2902 intelligi
911 2830 986 2878 non
1004 2819 1167 2902 possunt.

128 2921 207 2993 Seis
224 2919 426 3014 permultos
443 2919 557 2993 fuisse
572 2919 812 3005 Christianos
829 2919 938 3013 paulo
956 2933 1043 2993 ante
1060 2944 1169 3017 syno-

128 3033 216 3105 dum
233 3033 425 3122 Nicenam‚
442 3033 558 3106 bonos
586 3033 747 3129 quidem,
763 3032 827 3105 sed
845 3056 918 3104 non
936 3033 1168 3124 fortissimos,

128 3148 202 3242 qui,
220 3160 341 3220 morte
359 3159 396 3220 et
414 3147 609 3220 tormentis
627 3147 834 3235 ostentatis,
852 3145 939 3219 fidei
951 3146 1169 3220 Christianae

127 3263 441 3335 renuntiaverunt.
495 3263 597 3336 Quas
622 3272 730 3356 putas
757 3283 886 3355 poenas
912 3260 950 3332 in
980 3260 1072 3333 tales
1095 3273 1169 3335 sta-

127 3373 239 3446 tuisse
274 3374 455 3446 Nieenam
489 3374 587 3446 illam
623 3373 804 3469 synodum
837 3372 1073 3468 generalem?
1125 3374 1169 3447 In

128 3487 330 3559 canonibus
347 3487 442 3559 illius
461 3486 593 3583 synodi
611 3485 773 3558 decimus
789 3510 909 3558 nonus
928 3497 995 3574 est,
1006 3509 1080 3582 qno
1094 3499 1169 3559 sta-

127 3601 244 3673 tuitur
262 3624 336 3689 eos,
355 3600 420 3697 qui
446 3601 546 3672 citra
565 3610 749 3672 tormenta
768 3609 805 3673 et
820 3598 1032 3697 periculam
1050 3599 1170 3697 idfa-

129 3723 268 3802 cerent,
287 3712 406 3786 redire
425 3713 557 3786 debere
574 3712 623 3785 ad
640 3712 934 3785 catechumenos.
965 3712 1017 3784 At
1035 3711 1080 3784 de
1097 3712 1169 3785 illis

129 3828 192 3922 qui
209 3838 389 3921 negarent
405 3826 587 3898 intentata
603 3837 733 3913 morte,
750 3824 841 3896 nihil
856 3823 1041 3897 statuitur.
1082 3825 1169 3898 Non

127 3952 252 4013 tamen
269 3963 365 4035 nego
393 3937 482 4032 quin
509 3939 545 4010 in
574 3938 740 4033 apostolo
758 3937 817 4009 vel
842 3936 881 4008 in
899 3936 1089 4032 discipulo,
1107 3937 1169 4033 qui

129 4053 336 4126 doctrinam
353 4051 489 4125 Christi
506 4052 707 4147 praedicare
720 4052 817 4124 inter
835 4050 973 4124 Christi
990 4051 1114 4124 hostes
1131 4051 1170 4124 in

127 4191 167 4240 se
187 4177 388 4262 receperat,
406 4175 599 4261 peccatum
611 4162 650 4237 id
665 4176 786 4248 esset;
813 4175 851 4237 et
870 4164 909 4237 in
928 4165 1037 4238 Petro
1062 4189 1167 4262 mag-

1205 572 1284 624 CAl’.
1296 573 1349 625 111.

1205 656 1348 691 *wo—⁴

1200 718 1236 762 De
1245 718 1334 776 quihus-

1202 784 1253 828 dam
1263 784 1334 841 objeo

1200 848 1297 892 tionibus
1307 860 1357 892 oon-

1201 918 1236 958 111
1249 912 1378 958 Iedcthsn.
