2926 4980
683 355 736 408 Du
757 356 965 410 clvlmn.

667 793 831 868 CAPUT
856 797 980 871 XXX.

525 966 570 1015 1>ss
589 967 728 1017 orl-“1010
745 970 859 1020 suunss
879 972 1109 1024 lMPERANTlS.

97 1113 175 1163 exe.
188 1114 276 1165 xxx.
301 1092 445 1165 soum
464 1094 678 1189 imperantis
696 1097 826 1186 officia,
844 1099 919 1171 sive
937 1098 967 1171 is
985 1102 1184 1175 monarcha
1202 1105 1249 1176 sit
1267 1106 1342 1178 sive

102 1194 278 1298 ὦ
299 1216 427 1293 coetus,
443 1207 634 1281 manifeste
647 1209 1034 1284 indicatinstitutionis
1047 1213 1143 1302 finis,
1157 1216 1342 1307 nimirum,

99 1318 273 1376 wilm&
298 1320 403 1393 oclus
407 1321 545 1419 populi
556 1351 569 1394 :
588 1348 698 1419 quam
708 1324 789 1420 lege
799 1336 941 1397 naturae
954 1324 1149 1421 obligatur,
1162 1343 1342 1421 quantum

296 1446 432 1529 potest,
445 1458 665 1530 procurare:
684 1447 723 1510 et
736 1438 839 1532 cujus
851 1436 1032 1509 rationem
1043 1439 1134 1527 Dec,
1149 1452 1187 1512 et
1198 1442 1249 1514 illi
1262 1443 1340 1532 soli,

296 1558 445 1621 tenetur
473 1547 638 1621 reddere.
691 1550 734 1621 In
747 1547 869 1621 salute
882 1560 1007 1622 antem
1017 1552 1156 1647 populi
1174 1578 1340 1650 compre-

296 1659 418 1733 hendo
431 1685 506 1734 non
518 1662 637 1734 solum
650 1662 784 1734 civium
797 1661 922 1750 vitam,
937 1661 1001 1735 sed
1016 1662 1126 1734 etiam
1144 1668 1340 1740 commodo

295 1773 393 1861 vitae,
411 1797 493 1869 quae
511 1774 609 1847 cives
627 1773 760 1870 singuli
777 1772 854 1846 sine
871 1773 1029 1848 civitatis
1048 1774 1181 1849 damno
1199 1780 1256 1851 vel
1274 1805 1338 1874 pe-

294 1887 412 1959 riculo
430 1887 612 1983 sibijuste
630 1887 808 1985 acquisita
824 1888 1021 1961 tenuerint.

345 2000 419 2074 Sed
434 2000 643 2075 faciendum
661 2003 712 2074 ita
723 2024 799 2073 esse
813 2000 1041 2096 intelligitur,
1053 2000 1212 2074 studium
1229 2027 1335 2075 suum

295 2137 371 2187 non
388 2114 588 2188 individuis
612 2114 841 2212 applicando,
858 2113 923 2186 sed
945 2113 1174 2210 providentia
1190 2116 1335 2188 univer-

292 2227 372 2316 sali,
385 2252 452 2324 per
468 2228 730 2301 instructiones
743 2227 908 2324 publicus
926 2238 1040 2299 tuma
1057 2226 1244 2317 doctrinis,
1255 2241 1334 2301 tum

292 2344 338 2416 ab
357 2343 544 2439 exemplis
563 2355 641 2416 tum
666 2342 777 2415 etiam
801 2365 867 2438 per
888 2340 988 2437 leges
1015 2341 1177 2414 salubres
1204 2343 1333 2437 quibus

292 2456 391 2530 cives
408 2456 542 2553 singuli
559 2457 723 2529 actiones
741 2479 824 2528 suas
841 2454 1024 2551 applicare
1037 2465 1202 2550 possunt.

342 2571 526 2644 Quoniam
545 2581 667 2643 autem
682 2569 826 2665 juribus
845 2591 997 2640 summae
1009 2568 1201 2663 potestatis
1215 2592 1337 2642 essen-

291 2682 450 2772 tialibus
463 2683 509 2755 de
528 2685 658 2779 quibus
676 2683 815 2755 dictum
827 2692 883 2754 est
894 2681 1014 2776 capite
1028 2702 1154 2770 xum,
1169 2683 1332 2773 sublatis,

290 2795 418 2867 civitas
439 2794 661 2883 dissolvitur,
680 2795 847 2889 reditque
862 2794 1025 2865 omnium
1043 2794 1081 2865 in
1100 2818 1227 2867 omnes
1246 2797 1331 2869 belli

289 2906 499 2989 calamitns3
527 2906 566 2978 id
584 2907 683 3002 quod
708 2906 848 2978 civitati
873 2906 1009 2977 malum
1036 2908 1237 2980 maximum
1254 2923 1334 2994 est;

288 3018 420 3092 summi
437 3019 653 3114 imperantis
672 3020 831 3092 officium
849 3031 905 3091 est
918 3019 1004 3113 jura
1020 3019 1083 3091 illa
1099 3021 1260 3094 retinere
1279 3024 1334 3095 in-

287 3144 404 3227 tegra.
457 3132 586 3228 Itaque
618 3144 748 3205 contra
772 3132 933 3205 officium
957 3132 1056 3220 facit,
1080 3135 1212 3228 primo,
1237 3137 1267 3209 si
1293 3161 1336 3209 ea

286 3244 345 3316 vel
368 3242 491 3338 aliqua
517 3268 645 3317 eorum
676 3245 827 3341 deponit
849 3245 906 3316 vel
932 3243 980 3315 ad
1005 3245 1117 3317 alium
1144 3251 1333 3323 transfert.

181 3387 184 3391 ’
288 3356 362 3432 Qui
380 3356 477 3428 enim
496 3356 626 3446 media,
644 3357 742 3430 idem
760 3359 870 3429 finem
889 3356 1034 3428 deserit.
1087 3358 1136 3430 Et
1161 3385 1228 3456 per
1245 3388 1333 3436 con-

288 3492 456 3568 sequens
482 3470 623 3566 legibus
659 3469 825 3543 civilibus
853 3493 890 3541 se
917 3468 1121 3563 subjicere;
1157 3478 1333 3568 potestati

281 3582 484 3678 judicandi,
501 3584 638 3656 bellum
655 3582 839 3657 indicendi
856 3583 913 3655 vel
930 3607 1059 3678 pacem
1075 3585 1246 3677 faciendi,
1264 3592 1332 3662 mi-

285 3696 369 3769 lites
397 3696 520 3769 alendi
545 3696 691 3793 quando
710 3708 748 3769 ct
766 3696 950 3791 quomodo
979 3697 1049 3792 ipsi
1066 3700 1185 3772 visum
1208 3701 1331 3793 fuerit,

285 3810 474 3883 ministros
491 3821 570 3884 tum
586 3810 688 3907 pacis
705 3821 783 3883 tum
801 3810 888 3882 belli
905 3810 1075 3905 eligendi,
1090 3825 1128 3885 et
1142 3838 1225 3909 quae
1244 3815 1331 3889 doe·

285 3925 393 3996 trinae
422 3924 505 4018 paci
535 3934 573 3996 et
599 3925 697 3997 bono
728 3923 876 4018 publico
909 3923 1115 3998 conformes
1141 3940 1226 4000 sunt
1256 3941 1330 4002 sta-

285 4035 414 4109 tuendi
439 4038 664 4125 renuntiare,
686 4047 815 4109 contra
840 4037 1000 4109 officium
1026 4051 1092 4111 est.
1147 4041 1329 4130 Secunde,

285 4162 416 4222 contra
428 4151 588 4224 officium
601 4152 679 4246 ejus
693 4162 748 4224 est
761 4151 976 4246 permittere
989 4163 1032 4224 ut
1045 4153 1182 4247 jurium
1197 4156 1328 4228 horum

283 4262 533 4338 essentialium
548 4287 676 4338 causas
694 4277 732 4337 et
748 4263 1152 4360 fimdamentapopulus
1166 4266 1326 4361 ignorem
