2926 4980
519 329 573 382 ou
592 329 777 382 nourrii.
1097 315 1166 381 119

171 500 228 572 Ex
242 500 313 572 hao
328 498 412 596 lege
430 499 596 595 sequitur
609 501 764 591 decima,
777 510 818 572 at
835 500 873 572 ia
885 524 988 598 pace
1006 499 1167 572 iaeaada
1204 529 1282 579 cip,
1293 528 1353 577 xv.

119 638 228 687 nemo
244 613 440 686 reoeraari
456 613 531 686 eibi
540 624 682 712 poseat
690 616 759 710 jas
777 613 944 712 aliquod,
969 612 1073 711 qaod
1093 611 1168 684 cai·
1208 609 1352 729 Μ

121 751 237 825 qaam
248 736 709 800 oaeteroramreaeroatam
723 725 829 799 aolit.
857 726 950 799 Cum
967 725 1065 798 enim
1083 725 1169 798 vitae
1209 736 1360 783 naaman

124 841 390 915 conservandae
407 864 529 930 eausa,
549 841 645 914 siout
663 840 799 936 deponi
809 843 895 936 jura
916 840 1084 937 quaedam
1102 862 1169 910 na-

124 956 274 1043 turalia,
308 955 363 1027 ita
395 955 546 1028 retineri
580 954 749 1050 quaedam
786 955 1035 1028 necessarium
1061 963 1170 1040 esset,

125 1091 261 1164 nempe
290 1070 353 1163 jus
383 1067 524 1163 proprii
553 1066 717 1162 eorporis
747 1067 912 1156 curandi,
939 1067 1037 1163 igne,
1063 1090 1170 1160 aqua,

127 1203 214 1254 aere
230 1179 390 1268 fruendi,
408 1180 622 1274 oaeterisque
649 1178 728 1252 sine
753 1180 886 1275 quibus
911 1179 1024 1252 homo
1049 1181 1173 1252 vivere

127 1319 206 1368 non
238 1307 385 1391 potest3
420 1293 451 1365 si
476 1294 555 1388 jam
584 1292 667 1389 plus
702 1293 861 1366 retinere
888 1294 981 1390 juris
1011 1292 1175 1388 postulat

128 1409 273 1506 aliquis,
291 1432 403 1503 quam
428 1407 509 1480 aliis
535 1407 693 1480 libenter
715 1430 931 1480 conoessum
947 1407 1068 1496 vellet,
1085 1405 1175 1478 facit

130 1523 194 1597 ille
211 1534 342 1595 contra
358 1521 477 1616 legem
487 1520 769 1616 praeoedentem.
822 1521 944 1616 Hujus
956 1520 1047 1616 legis
1060 1518 1174 1592 viola-

130 1637 270 1710 tionem
281 1632 734 1721 Graeoiaisoveiiav,Latini
747 1633 1012 1731 arrogantiam
1024 1632 1163 1706 dicunt.

183 1750 221 1823 si
238 1750 279 1821 in
296 1747 548 1821 controversia
566 1748 659 1842 juris
678 1745 860 1819 sententia
875 1746 1028 1842 alicujus
1047 1745 1175 1817 arbitri

131 1862 218 1935 fidei
242 1861 491 1957 permittatur,
516 1861 575 1932 lex
601 1871 742 1932 naturae
766 1872 823 1932 est
848 1859 1052 1949 undecima,
1071 1868 1112 1931 at
1137 1859 1176 1930 in

132 1983 494 2071 utramquepartem
511 1997 639 2071 aquas
656 1973 720 2045 sit.
758 1972 854 2045 Nam
865 1973 1003 2068 absque
1016 1997 1061 2045 eo
1078 1972 1176 2044 finiri

132 2088 214 2161 lites
230 2111 308 2160 non
324 2098 490 2182 possunt.
543 2085 618 2159 Qui
636 2109 725 2180 ergo
753 2109 879 2181 aequus
905 2110 982 2158 non
1008 2099 1076 2175 est,
1102 2085 1176 2158 liti-

132 2203 320 2300 gantibus,
338 2211 516 2297 quantum
541 2200 579 2272 in
598 2222 642 2271 eo
660 2211 728 2287 est,
748 2199 901 2271 arbitria
919 2210 956 2272 et
969 2197 1121 2294 judicia,
1139 2210 1178 2272 et

133 2341 202 2414 per
226 2337 455 2410 consequens
481 2337 611 2408 paoem
636 2313 753 2408 ipsam
770 2313 880 2402 tollit,
899 2324 1031 2385 eontra
1056 2311 1175 2409 legem

134 2443 279 2503 natnrae
294 2429 463 2525 primam.

185 2544 241 2616 Ex
258 2543 328 2615 hae
345 2542 427 2637 lege
444 2541 609 2636 sequitur
627 2540 857 2629 duodecima,
875 2565 956 2636 aaa
975 2539 1094 2613 diuidi
1107 2564 1178 2612 aon

130 2666 301 2754 possunt,
328 2678 456 2728 eoram
480 2678 584 2726 asam
610 2679 826 2727 commanem
856 2679 938 2726 eoae
948 2681 963 2737 ;
994 2653 1118 2751 idque,
1143 2653 1179 2724 si

125 2771 220 2864 fieri
229 2769 359 2868 possit
377 2778 415 2840 et
432 2767 628 2865 qaaatitoa
645 2768 705 2839 rei
714 2768 907 2863 patiatur,
924 2767 1005 2839 aiae
1022 2767 1179 2840 restric-

139 2883 264 2966 tione;
291 2880 449 2977 alioqui,
467 2904 617 2953 aamero
635 2881 813 2953 atentiam
820 2879 1178 2978 proportionaliter.

138 2995 360 3069 Distributio
378 2995 476 3066 enim
494 2993 645 3089 aequalis
663 2993 770 3065 aliter
787 3016 956 3066 essenon
972 3003 1108 3090 potest.

187 3109 284 3182 Sunt
301 3119 424 3179 autem
451 3104 618 3202 quaedam
637 3129 707 3194 rea,
727 3129 881 3201 quarum
899 3129 1018 3202 neque
1049 3108 1180 3181 divisio

139 3245 257 3317 neque
274 3244 361 3293 usus
379 3219 583 3292 eommunis
600 3243 679 3292 esse
705 3229 838 3315 potest.
891 3220 947 3292 De
964 3220 1021 3292 his
1038 3221 1098 3293 lex
1116 3246 1180 3294 na-

139 3333 231 3408 turae³
249 3333 379 3406 statuit
397 3331 678 3421 decimotertio,
696 3343 739 3405 ut
754 3334 823 3427 jas
848 3333 1048 3431 integram,
1062 3334 1131 3423 ael,
1150 3334 1181 3406 si

140 3471 225 3522 usus
250 3448 413 3521 alternus
430 3447 563 3542 placet,
575 3445 769 3545 possessio
788 3447 920 3543 prima
937 3458 1040 3519 sorte
1057 3447 1181 3521 deter-

142 3562 309 3635 miaetar.

190 3675 352 3748 Sortium
369 3673 441 3746 duo
468 3684 554 3746 sunt
578 3695 726 3768 genera,
753 3672 1001 3746 arbitrariam
1018 3684 1056 3746 et
1072 3683 1180 3746 nata-

143 3787 235 3861 rale.
299 3786 557 3873 Arbitrarium,
587 3787 627 3858 in
658 3786 759 3882 quod
782 3787 1018 3860 consentiunt
1044 3798 1179 3883 partes.

144 3900 317 3975 Naturale
335 3911 403 3988 est,
420 3911 484 3972 aut
509 3899 812 3996 primogenitura,
839 3912 904 3972 aut
928 3899 1048 3995 prima
1073 3923 1181 3972 oceu-

143 4016 252 4110 patio.

190 4128 317 4224 Itaque
344 4149 501 4223 quaram
526 4149 649 4198 reram
674 4151 791 4224 aeque
818 4124 951 4198 divisio
982 4134 1040 4196 eat
1065 4150 1182 4222 aeqae

143 4263 228 4312 aaut
254 4238 460 4326 commanis,
478 4263 531 4310 ea
558 4263 621 4311 rea
644 4239 705 4311 ael
714 4237 835 4337 primi
860 4237 1091 4334 occupantia,
1122 4237 1182 4311 oei
