2926 4980
509 356 562 408 uu
583 356 791 408 c1v1uaru.
1100 342 1169 407 129

119 524 278 599 omnino
294 548 388 624 opus
405 550 481 601 uon
496 538 602 616 esset,
620 527 772 599 victuris
798 525 938 598 scilieet
961 525 1169 598 hominibus
1191 556 1270 606 cir.
1283 554 1371 606 xvir.

121 636 163 711 in
180 662 275 734 pace
291 652 330 714 et
347 640 427 715 sine
445 640 612 713 dominis.
1214 640 1354 671 ’ῳ

1185 696 1217 738 Do
1227 710 1299 746 caum,
1305 709 1367 751 gene·

174 751 309 848 Neque
327 754 376 826 ad
393 754 638 842 securitatem,
654 776 762 848 quam
776 762 991 848 perpetuam
1009 775 1087 823 esse
1105 775 1168 824 vo·
1182 760 1376 870 3333th

123 862 221 951 lunt,
240 865 376 939 suffieit
400 877 442 938 ut
471 867 722 961 gubernentur
750 890 817 961 pro
845 877 947 937 certo
971 876 1116 936 tantum
1134 877 1171 937 et

126 975 375 1053 determinbto
386 992 562 1075 ternpore,
574 993 616 1052 ut
632 980 671 1051 in
688 979 896 1074 unopraelio
906 979 965 1051 vel
975 978 1071 1051 bello
1082 1002 1168 1052 uno.

125 1090 209 1163 Etsi
225 1092 324 1165 enim
345 1115 413 1187 per
433 1106 606 1164 conatum
624 1093 834 1164 unanimem
846 1092 988 1164 hostem
1006 1093 1169 1180 vincant,

127 1217 258 1300 postea
273 1216 410 1294 tamen,
429 1205 460 1276 si
478 1228 708 1277 communem
730 1206 872 1279 bostem
895 1229 968 1276 nou
997 1206 1169 1294 habeant,

127 1316 188 1389 vel
207 1316 238 1389 si
254 1317 317 1391 alii
335 1318 492 1407 hostem,
506 1318 569 1390 alii
594 1319 764 1404 amicum,
777 1318 934 1391 eundern
951 1331 1094 1414 putent,
1112 1344 1170 1392 so-

126 1429 242 1503 cietas
258 1431 464 1504 necessario
482 1431 709 1517 dissolvetur,
724 1444 762 1504 et
775 1443 927 1527 propter
939 1431 1168 1506 voluntatum

127 1541 354 1616 differentias
372 1545 469 1617 inter
486 1545 622 1640 seipsos
638 1545 775 1617 bellum
794 1545 1039 1617 renovabitur.

179 1657 253 1729 Sed
264 1667 363 1746 suut,
375 1658 517 1752 inquiet
529 1659 671 1753 aliquia,
683 1659 854 1730 animalia
868 1658 1035 1753 quaedam
1045 1659 1168 1741 bruta,

127 1783 170 1843 ut
186 1794 273 1866 apes
290 1781 329 1843 et
345 1770 521 1859 formicae,
540 1797 620 1868 quae
638 1773 789 1869 pacifice
814 1774 851 1845 in
877 1773 1007 1844 eodem
1035 1773 1170 1845 alveari

127 1896 168 1956 et
183 1884 222 1956 iu
236 1883 366 1959 eadem
379 1884 586 1958 formicaria
603 1886 700 1959 inter
712 1911 751 1958 se
765 1887 904 1975 vivunt,
916 1887 1169 1983 habenturque

126 1997 174 2070 ab
192 1997 389 2071 Aristotele
406 2021 473 2093 pro
497 1999 715 2071 animalibus
731 1999 901 2094 politicis
919 2013 1169 2096 regunturque

126 2134 193 2183 suo
215 2112 504 2208 unumquodque
527 2113 667 2208 judicio
692 2124 730 2184 et
747 2114 935 2209 appetitu;
962 2113 1073 2208 idque
1090 2114 1169 2187 sine

127 2246 199 2296 usu
216 2224 406 2313 ammonia,
431 2248 503 2319 quo
531 2225 737 2321 significare
760 2225 851 2298 alius
869 2225 929 2297 alii
946 2227 1061 2322 possit
1079 2227 1167 2322 quid

126 2335 175 2409 od
191 2337 390 2413 utilitatem
408 2361 639 2412 communem
650 2339 856 2412 conducere
870 2338 927 2410 vel
940 2362 1014 2411 non
1030 2340 1168 2412 condu-

126 2473 212 2523 cere
240 2451 464 2525 existimant.
518 2452 618 2526 Quid
647 2477 735 2548 ergo
764 2452 918 2548 impedit
947 2477 1019 2547 quo
1048 2455 1167 2527 minus

126 2563 295 2638 homines
309 2564 407 2637 idem
424 2565 586 2638 faciant?

177 2676 238 2753 Ad
259 2678 331 2751 hoc
355 2679 569 2774 respondeo.
622 2679 755 2768 Primo,
774 2680 871 2774 quod
889 2680 1054 2753 homines
1072 2682 1168 2754 inter

127 2813 167 2864 se
185 2790 232 2865 de
245 2791 448 2863 honoribus
466 2802 504 2863 et
522 2791 701 2887 dignitate
718 2804 897 2888 perpetuo
916 2794 1165 2878 contendunt3

127 2902 192 2976 sed
209 2903 382 2977 animalia
407 2904 469 2977 illa
489 2928 564 2977 non
591 2905 690 2977 item.
743 2907 873 3002 ltaque
890 2907 987 2977 inter
1003 2907 1167 2981 homines

128 3016 276 3107 invidia,
307 3016 445 3106 odium,
475 3017 621 3106 bellurn,
649 3032 799 3115 propter
826 3043 918 3107 earn,
946 3021 1042 3091 inter
1065 3022 1165 3110 alias,

130 3153 275 3205 causam
293 3154 390 3226 saepe
408 3133 592 3216 naseitur;
620 3133 717 3205 inter
733 3133 794 3205 illa
811 3133 1004 3206 rarissime.

180 3243 366 3332 Secundo,
384 3244 483 3317 inter
500 3244 674 3317 animalia
691 3245 754 3317 illa
771 3246 910 3317 bonum
927 3246 1114 3341 publicum
1129 3260 1166 3319 et

130 3356 312 3451 privatum
329 3356 427 3428 idem
445 3369 513 3429 est.
565 3357 663 3452 Ergo
674 3357 720 3429 ad
733 3357 870 3429 bonum
881 3359 1065 3454 privatum
1079 3358 1166 3430 dum

131 3469 347 3545 naturaliter
370 3468 551 3558 feruutur,
570 3470 676 3542 simul
697 3485 896 3565 procurant
913 3472 1049 3543 bonurn
1066 3495 1166 3543 com-

131 3605 251 3655 mune.
304 3582 457 3654 Homini
475 3594 598 3655 autern
616 3583 653 3654 in
677 3583 781 3656 bonis
807 3584 964 3679 propriis
982 3584 1072 3656 nihil
1090 3595 1165 3656 tam

128 3693 329 3789 jucundum
347 3708 415 3783 est,
434 3720 544 3790 quam
561 3696 659 3791 quod
676 3696 802 3769 alienis
821 3709 907 3769 suut
924 3700 1073 3794 maj0ra.

177 3807 315 3897 Tertio,
350 3807 521 3880 animalia
554 3809 626 3897 illa,
663 3810 749 3905 quia
781 3823 908 3882 carent
938 3811 1093 3898 ratione,
1128 3811 1165 3883 in

133 3942 252 3993 rerum
281 3942 430 3992 suarum
456 3922 705 3994 communium
731 3923 1049 3995 administratione
1075 3924 1166 3996 nihil

133 4037 268 4124 vident,
292 4048 356 4109 aut
372 4038 497 4110 videre
515 4039 584 4111 sibi
597 4040 779 4127 videntur,
799 4039 897 4135 quod
914 4041 1083 4135 culpent;
1110 4042 1167 4114 in-

133 4162 187 4224 ter
216 4149 381 4222 homines
405 4163 529 4224 autem
552 4153 725 4248 permulti
751 4166 849 4241 sunt,
874 4154 998 4248 quise
1025 4155 1166 4228 caeteris

133 4263 371 4360 sapientiores
398 4276 436 4336 et
467 4265 636 4361 regendae
663 4265 821 4338 civitatis
855 4266 1062 4362 capaciores
1088 4292 1166 4343 esse

234 4398 326 4449 vob.
343 4399 406 4450 ιιι.
1040 4405 1066 4453 ιι
