2926 4980
354 377 407 426 nn
422 375 617 427 crvrmrn
637 372 903 425 ourusrrnnn.
1079 355 1152 422 423

117 543 155 614 iu
186 543 290 636 cujus
312 541 473 616 dominio
500 543 599 615 illam
625 552 823 613 exercent:
860 551 898 612 et
926 538 1080 635 proinde
1097 539 1152 633 ip·
1177 572 1254 623 opp,
1267 565 1352 618 χιιι.

118 680 198 728 sum
217 656 352 751 Papam
376 657 638 729 authoritatem
657 679 771 742 suam,
785 666 888 726 extra
907 651 1070 724 dominia
1086 673 1152 723 sua
1181 649 1338 772 ΒΜ

118 768 343 863 temporalia,
374 768 507 840 debere
541 769 623 857 illis,
652 768 715 863 qui
749 778 834 839 sunt
861 766 1063 854 civitatum,
1090 763 1155 836 ubi
1190 782 1342 828 eeclesiam

119 882 217 952 illam
235 893 393 970 exercet,
413 882 545 954 summi
562 883 794 978 imperantes,

169 994 437 1089 Argumentum
449 995 617 1090 quintum
631 994 704 1066 tale
715 1007 770 1067 est
784 1026 792 1076 ;
812 994 847 1064 si
849 991 1157 1086 jurisdictionem

117 1131 220 1178 suom
251 1106 422 1204 episcopi
459 1131 483 1178 a
522 1108 603 1178 Deo
630 1107 812 1179 haberent
841 1105 1065 1192 immediate,
1092 1129 1156 1176 ae-

120 1221 249 1291 minem
267 1245 313 1292 ex
331 1220 520 1316 episeopis
539 1218 619 1290 illie
636 1221 857 1317 episcopata
874 1242 939 1290 suo
953 1217 1156 1313 deprivare

114 1343 275 1428 poscet;
302 1332 398 1404 mittit
413 1333 507 1404 enim
524 1333 669 1428 facere
688 1342 820 1431 potest
845 1341 977 1405 eontra
1005 1330 1157 1402 ordina-

122 1446 256 1520 tionem
267 1445 429 1517 divinam
443 1472 457 1526 ;
483 1457 521 1517 et
532 1446 792 1541 consequentia
805 1444 951 1541 quidem
963 1445 1062 1516 bona
1074 1455 1156 1524 est;

122 1559 193 1630 sed
207 1556 331 1654 Papa,
344 1557 476 1649 iuquit,
491 1557 707 1653 hocfoeere
717 1568 858 1657 potest,
876 1568 914 1630 et
916 1557 1024 1654 feeit
1041 1580 1156 1653 sepe.

123 1670 349 1744 Conceditur
367 1671 479 1742 etiam
496 1671 579 1761 hoc,
597 1671 803 1759 subandito,
831 1670 928 1766 quod
954 1671 1006 1742 ita
1029 1669 1159 1742 fecerit

123 1786 160 1857 in
178 1808 244 1857 suo
261 1783 374 1879 ipsius
392 1783 565 1873 dominio,
584 1784 641 1857 vel
667 1785 779 1857 etiam
804 1785 841 1856 in
869 1785 988 1856 alieno
1011 1782 1043 1856 si
1070 1807 1158 1856 con-

125 1898 259 1970 sentiat
290 1896 458 1969 dominus
486 1897 569 1971 loci.
639 1898 712 1971 Sed
742 1910 784 1969 ut
813 1897 883 1969 hoc
909 1897 1028 1968 facere
1046 1895 1161 1992 possit

125 2009 390 2097 universaliter,
418 2024 456 2082 et
483 2014 565 2106 jure
593 2013 704 2109 ipsius
733 2013 963 2107 episcopatus
991 2010 1160 2098 Romani,

125 2127 400 2201 concedendum
426 2152 500 2200 non
527 2143 593 2201 est.
647 2130 810 2201 Potestas
836 2127 933 2199 enim
951 2126 1014 2198 illa
1031 2125 1078 2198 ad
1095 2149 1161 2221 po-

125 2250 295 2314 testatem
313 2241 474 2335 pertinet
487 2242 676 2314 civitatum
693 2241 943 2336 singularium,
958 2252 995 2312 et
1011 2262 1162 2312 summae

125 2354 297 2450 potestati
315 2353 412 2425 civili
430 2354 633 2427 essentialis
651 2366 717 2426 est.
759 2354 856 2425 Ante
874 2376 1029 2447 regnum
1045 2350 1162 2424 Saulis

128 2466 165 2537 in
183 2466 329 2553 israele,
355 2490 439 2537 cum
466 2490 608 2538 summa
625 2477 790 2561 potestas
809 2465 925 2538 civilis
955 2466 993 2536 in
1020 2485 1162 2536 summo

126 2578 316 2652 sacerdote
346 2579 534 2667 resideret,
568 2579 629 2651 ille
656 2579 754 2652 solus
783 2577 1011 2651 sacerdotem
1040 2575 1164 2673 potuit

127 2692 321 2790 deponere.
375 2692 527 2780 Rursus,
542 2717 625 2765 cum
643 2705 806 2788 potestas
825 2692 887 2764 illa
904 2701 999 2764 esset
1012 2691 1052 2763 in
1069 2686 1165 2785 regi·

127 2808 195 2878 bus
222 2805 377 2893 Israelis
405 2805 631 2878 sacerdotem
659 2806 842 2902 deponere
869 2806 991 2902 potuit
1020 2828 1097 2892 rex,
1127 2817 1165 2878 et

128 2919 355 2992 sacerdotem
395 2943 577 2992 summum
617 2921 859 2992 Abiatharum
895 2917 1065 3015 deposuit
1099 2942 1164 2991 rex

130 3033 316 3120 Solomon,
348 3035 432 3124 (nec
459 3034 505 3104 ob
535 3055 616 3103 eam
643 3056 721 3104 rem
747 3056 769 3104 a
796 3033 874 3104 Deo
904 3030 1164 3127 reprehensum

129 3173 206 3221 esse
217 3149 386 3243 legimus)
404 3147 490 3219 etin
505 3149 583 3241 ejus
597 3146 719 3219 locum
733 3146 925 3219 constituit
941 3143 1164 3217 Zadochum.

129 3262 330 3357 Episcopos
347 3283 435 3355 ergo
453 3258 648 3332 ordinandi
674 3273 712 3330 et
738 3256 963 3354 deprivandi,
980 3269 1092 3353 prout
1118 3254 1166 3328 ad

130 3374 284 3446 salntem
301 3371 428 3468 populi
452 3372 569 3445 visum
595 3373 678 3461 erit,
696 3373 734 3444 in
752 3371 826 3443 suis
844 3369 1026 3458 dominiis,
1044 3380 1166 3465 potes-

131 3499 186 3558 tas
204 3486 364 3558 solorum
382 3508 510 3581 regum
526 3497 593 3557 est.

182 3602 449 3694 Argumentum
463 3610 606 3672 sextum
620 3612 694 3682 est;
714 3599 743 3670 si
754 3596 1048 3694 jurisdictionem
1062 3619 1166 3667 suam

123 3715 215 3807 jare
250 3711 374 3784 divino
401 3711 612 3784 immediato
639 3711 799 3785 habeant
830 3709 1002 3806 episcopi,
1032 3708 1168 3781 debent

133 3825 170 3897 id
197 3825 352 3921 probare
382 3847 426 3895 ex
452 3825 562 3897 verbo
589 3825 683 3906 Dei;
710 3823 773 3897 sed
801 3825 872 3896 hoc
900 3847 975 3895 non
1000 3835 1166 3918 possunt.

133 3940 403 4034 Argumentum
422 3930 569 4030 quidem
585 3938 724 4010 bonurn
743 3950 811 4022 est,
822 3961 891 4009 nee
905 3936 1101 4032 quicquam
1112 3934 1167 4007 di-

133 4076 213 4124 cam
225 4052 263 4122 in
277 4049 512 4122 contrarium.
540 4050 614 4123 Sed
627 4064 881 4146 argumentum
892 4050 990 4123 idem
1001 4048 1169 4121 similiter

132 4165 275 4260 probat,
296 4165 403 4258 Papae
422 4162 489 4257 ipsi
507 4162 544 4235 in
563 4162 725 4237 dominio
743 4165 861 4238 alieno
875 4163 1168 4260 jurisdictionem

132 4277 270 4350 nullam
289 4300 367 4349 esse
383 4307 392 4358 ;
419 4299 537 4370 neque
557 4277 654 4350 enim
673 4277 710 4350 id
727 4278 883 4374 probare
901 4302 945 4350 ex
962 4277 1073 4350 verbo
1099 4275 1166 4349 Dei

132 4402 286 4489 possunt
302 4389 490 4485 pontificii.
