2926 4980
362 383 415 432 ns
436 381 577 433 arduo
596 376 900 430 rnusnnauuu.
1077 351 1145 430 471

114 545 223 620 fuisse
249 560 414 644 tempore
441 549 479 621 S.
498 546 600 620 Pauli
618 544 922 619 consuetudinem
939 539 1153 637 baptizandi
1165 567 1244 617 chr.
1258 565 1354 615 univ·

112 684 179 756 pro
196 660 350 733 mortuis
377 660 544 733 homines
571 659 711 748 fideles,
731 682 799 754 pro
817 656 943 752 seipsis
961 666 1049 727 ante
1064 653 1151 749 bap
1181 646 1334 763 „W

112 774 271 858 tizatos;
298 774 393 847 sicut
419 773 529 845 hodie
558 772 685 845 fideles
717 770 821 868 quasi
850 770 1082 864 fidejussores
1112 767 1152 839 in
1179 781 1332 860 assumam

113 886 295 983 baptismo
313 911 352 960 se
369 886 510 959 faciunt
524 910 592 983 pro
618 886 691 958 fide
715 884 842 957 futura
867 882 1062 969 infantum,
1088 878 1153 975 qui
1179 849 1358 958 {hiim

113 999 277 1073 nondum
293 999 379 1073 fidei
394 1012 482 1073 sunt
499 1022 663 1095 capaces,
717 996 778 1070 Sic
795 996 893 1069 enim
909 995 1035 1069 fideles
1051 1005 1152 1081 tuno,
1180 977 1352 1037 mm

114 1136 182 1208 pro
212 1112 366 1185 mortuis
391 1111 579 1207 baptizati,
608 1111 646 1183 in
674 1134 712 1183 se
742 1119 981 1205 susceperuut
998 1105 1096 1202 quod
1114 1105 1153 1178 in

115 1225 382 1298 resurrectione
418 1225 605 1298 Christum
632 1235 884 1320 sequerentur.
950 1221 1024 1311 Sed
1062 1219 1155 1293 nihil

115 1336 201 1409 inde
218 1337 346 1410 inferri
363 1349 486 1432 potest
502 1338 549 1410 ad
561 1337 792 1434 probandum
806 1335 1071 1433 purgatorium,
1089 1357 1155 1407 ne·

117 1473 188 1545 que
205 1450 500 1546 adprobandum
518 1449 616 1547 quod
633 1449 765 1522 animis
782 1473 805 1521 a
822 1448 1038 1545 corporibus
1050 1469 1155 1542 sepa·

116 1563 218 1651 ratis,
237 1574 302 1635 aut
319 1561 450 1636 animae
468 1563 598 1635 Lazari
614 1586 680 1657 per
697 1573 855 1658 quatuor
878 1561 959 1634 illos
974 1560 1052 1633 dies
1075 1559 1155 1655 qni-

115 1676 183 1749 bus
201 1688 366 1749 mortuus
384 1676 530 1765 mansit,
548 1676 651 1748 loeus
664 1675 795 1770 aliquis
813 1675 1000 1748 debeatur.
1055 1674 1155 1748 Deus

117 1789 225 1878 enim,
240 1789 301 1884 qui
317 1789 428 1862 vitam
445 1788 649 1884 pulvisculo
667 1788 755 1861 dare
770 1788 904 1884 potnit,
931 1788 1043 1861 etiam
1057 1811 1156 1860 mor-

117 1915 181 1976 tno
199 1912 321 1998 potest
342 1902 507 1976 reddere.

119 2073 121 2078 .
167 2015 286 2087 Locus
303 2015 395 2087 alter
412 2024 496 2088 estl
514 2016 597 2089 Cor.
608 2014 660 2087 iii.
677 2024 733 2102 15,
759 2014 968 2087 ubidicitur
980 2014 1025 2087 de
1038 2013 1083 2085 iis
1095 2014 1157 2108 qni

117 2152 226 2222 super
242 2127 522 2201 fundamentum
536 2128 649 2223 ligna,
666 2127 817 2216 frenum,
829 2126 1014 2224 stipulam,
1032 2150 1159 2223 super-

117 2241 314 2330 aedificant,
333 2240 432 2336 quod
447 2265 538 2337 opus
556 2264 682 2314 eorum
697 2239 844 2336 peribit,
862 2240 931 2337 ipsi
950 2253 1075 2312 tamen
1088 2240 1159 2312 sal-

117 2355 312 2443 vabuntur,
343 2354 409 2427 sed
437 2353 548 2451 quari
580 2377 653 2450 per
685 2353 820 2448 ignem.
883 2352 1011 2448 Ignem
1045 2352 1160 2441 hunc,

118 2468 242 2564 ignem
265 2466 470 2563 purgatorii
496 2490 575 2539 esse
592 2466 672 2538 vult
698 2465 951 2538 Bellarmiuus
1005 2465 1080 2538 Sed
1102 2487 1158 2537 re-

118 2605 292 2677 sponsum
317 2593 405 2654 ante
433 2594 500 2669 est,
532 2582 643 2653 verba
671 2579 750 2651 haec
781 2577 945 2653 alludere
975 2578 1024 2651 ad
1048 2577 1162 2651 verba

119 2694 304 2768 Zachariae
321 2694 397 2767 xiii.
416 2703 463 2766 9:
492 2694 623 2765 ducam
649 2691 801 2765 tertiam
825 2701 975 2788 partem
1001 2716 1075 2788 per
1101 2691 1161 2788 ig-

118 2833 210 2896 nem,
222 2819 258 2881 et
273 2832 379 2880 rtrum
390 2832 453 2880 eoa
470 2807 568 2879 sicut
581 2806 706 2878 uritur
717 2814 927 2900 argentam,
941 2815 979 2876 et
987 2803 1161 2900 probabo

120 2948 183 2995 eoa
201 2923 298 2994 sicut
315 2920 501 3016 probatur
513 2944 642 2990 aarum
654 2947 667 2990 .·
686 2930 723 2991 et
733 2917 835 2990 dicta
846 2941 925 2990 esse
937 2917 1162 2991 deadventu

120 3034 257 3108 Christi
273 3034 311 3105 iu
342 3045 525 3129 potestate
543 3044 580 3104 et
597 3031 727 3126 gloria,
746 3030 785 3102 id
802 3043 869 3120 est,
895 3031 941 3103 de
959 3031 1018 3103 die
1031 3030 1161 3126 judicii

120 3158 158 3220 et
175 3147 367 3242 praesentis
385 3146 513 3219 mundi
531 3145 828 3240 conflagratione.

170 3260 227 3331 Ex
244 3260 324 3332 loeo
343 3259 466 3347 citato,
483 3261 515 3347 (l
540 3259 624 3332 Cor.
643 3283 701 3330 xv.
720 3260 813 3350 29.),
839 3258 889 3330 de·
898 3259 1081 3353 baptismo
1093 3280 1165 3353 pro

121 3372 288 3462 mortuis,
307 3372 418 3445 infert
445 3372 556 3445 etiam
583 3371 785 3444 orationem
812 3394 880 3466 pro
907 3370 1060 3443 mortuis
1087 3393 1165 3443 nou¹

121 3484 289 3557 inutilem
307 3508 397 3571 esse,
415 3497 454 3558 et
479 3483 565 3557 inde
591 3507 716 3556 rursus
733 3508 811 3556 esse
828 3482 941 3555 infert
958 3483 1081 3578 ignem
1098 3483 1163 3556 ali·

123 3620 232 3693 quem
249 3597 464 3693 purgatorii.
518 3596 592 3670 Sed
608 3611 780 3669 neutrum
796 3607 910 3669 reete.
962 3597 1017 3668 De
1039 3595 1163 3668 multis

124 3711 222 3782 enim
239 3709 339 3782 vocis
357 3708 536 3806 baptismi
559 3708 900 3805 significationibus,
918 3709 1019 3781 illam
1036 3693 1163 3805 impri-

123 3823 192 3895 mis
209 3822 435 3918 oomprobat‚
454 3822 518 3894 ubi
536 3823 693 3895 sumitur
706 3846 773 3917 pro
790 3822 1031 3918 poenitentia3
1060 3822 1164 3894 etsie
1234 3828 1236 3833 ’

122 3935 302 4033 baptizari
311 3934 491 4022 homines,
502 3935 649 4030 quaudo
656 3936 837 4031 jejunant,
845 3946 963 4022 orant,
975 3948 1014 4007 et
1024 3935 1165 4008 faciunt

123 4050 403 4144 eleemosynam.
456 4047 529 4120 Sed
543 4047 763 4143 significatio
780 4047 843 4120 illa
859 4048 1032 4143 baptismi
1045 4072 1164 4145 neque

122 4165 160 4236 in
177 4162 366 4258 Scriptura
375 4183 531 4256 usquam
543 4170 708 4256 apparet,
720 4184 837 4255 neque
848 4160 887 4232 in
900 4184 969 4233 usu
979 4162 1171 4234 communi.

123 4278 373 4373 cujuscunque
391 4274 536 4368 linguai.
589 4275 669 4347 Vox
690 4273 895 4373 baptismus
915 4288 1088 4372 usurpata
1110 4289 1169 4349 est
