2926 4980
518 385 573 438 nu
592 387 772 439 nouruu.
1095 370 1163 434 115

122 546 223 620 aliud
240 548 451 623 actionibus
468 552 649 625 attributa
674 552 892 649 significant.
945 551 1165 624 Hominibus
1203 585 1280 634 cap,
1293 585 1352 635 xv,

121 661 305 734 attributa
314 685 453 735 morem
467 665 524 737 vel
536 666 705 739 habitum
714 665 982 761 significant‚ut
992 664 1166 737 virtutem
1205 664 1349 786 Μ

123 788 189 847 aut
205 775 350 848 vitium.
403 776 465 849 Sic
491 779 614 868 homo,
641 780 700 853 cui
726 789 898 852 constans
925 788 982 850 est
998 778 1167 851 voluntas
1208 799 1293 838 neure
1304 793 1358 837 ⁸¹11·-

118 888 182 982 jus
196 911 304 961 suum
318 889 518 985 uuicuique
534 891 731 982 tribuendi,
746 892 815 965 etsi
828 891 991 964 actiones
1008 893 1085 987 ejus
1102 892 1167 965 ali-

122 1000 274 1096 quando
286 1002 434 1097 injustae
448 1003 596 1094 fuerint,
610 1005 687 1101 ipse
700 1017 824 1078 tamen
835 1006 955 1100 justus
973 1018 1040 1094 est,
1057 1005 1167 1078 modo

119 1114 304 1210 justitiam
338 1128 450 1204 amet,
478 1118 538 1191 vel
562 1118 661 1213 quod
685 1119 820 1214 injuste
844 1117 994 1206 fecerat,
1021 1118 1164 1191 etiamsi

124 1225 222 1299 clam
247 1227 306 1316 sit,
337 1228 417 1324 ipse
442 1229 603 1319 damnet,
626 1231 767 1304 factum
793 1231 897 1319 nolit,
925 1230 1110 1317 damnum,
1137 1230 1169 1303 si

124 1339 225 1436 quod
234 1340 376 1416 factum
386 1345 446 1432 sit,
459 1345 634 1418 resarciat
648 1358 826 1441 quantum
836 1355 969 1440 potest.
1007 1344 1169 1438 Injustus

124 1464 255 1527 contra
271 1465 340 1545 est,
358 1455 421 1551 qui
436 1456 616 1553 justitiam
632 1458 799 1555 negligit,
818 1457 888 1530 etsi
905 1466 1004 1531 meta
1020 1456 1078 1528 vel
1097 1457 1170 1530 alia

124 1589 237 1640 causa
248 1568 399 1642 sinistra
414 1571 553 1644 nemini
565 1596 727 1668 uuquam
739 1572 910 1669 injuriam
926 1570 1084 1643 fecisset.
1125 1570 1169 1642 Id

124 1679 225 1776 quod
236 1682 420 1778 justitiam
436 1708 561 1758 veram
579 1696 616 1758 et
631 1686 751 1759 facere
769 1697 807 1759 et
824 1685 974 1759 condire
991 1684 1095 1773 solet,
1114 1695 1169 1757 est

124 1793 238 1866 animi
251 1796 481 1891 generositas
499 1798 679 1893 quaedam,
697 1798 892 1894 quicquam
903 1796 1027 1869 fraudi
1038 1808 1075 1870 et
1086 1820 1169 1893 per-

124 1906 222 1981 fidiae
239 1908 368 1982 deberi
385 1908 629 2007 dedignantis.
679 1911 837 1984 Justitiae
864 1920 987 1982 autem
1005 1911 1169 1984 actiones

125 2018 366 2096 denominant
390 2022 588 2113 homiuem,
605 2048 680 2097 non
701 2025 856 2118 justum,
875 2022 940 2095 sed
966 2022 1169 2106 insontem:

124 2144 316 2208 utcontra
331 2137 521 2232 injustitiae
533 2138 707 2226 actiones,
725 2136 832 2210 idest
848 2136 1004 2233 injuriae,
1023 2161 1097 2210 non
1114 2140 1171 2211 in-

116 2248 276 2342 justum,
296 2248 361 2321 sed
379 2261 531 2324 sontem.

177 2361 372 2451 Praeterea,
385 2363 566 2460 injustitia
578 2364 736 2437 hominis
750 2374 806 2437 θεῖ
816 2363 929 2436 animi
941 2362 989 2435 ad
999 2361 1169 2458 injuriam

124 2472 334 2548 faciendam
344 2476 502 2567 habitus,
510 2478 686 2573 injustum
695 2478 833 2551 faciens
844 2478 1049 2550 etiamante
1061 2501 1169 2572 quam

125 2584 227 2660 facta
242 2588 290 2661 sit
306 2589 439 2684 injuria
462 2604 613 2687 propter
629 2590 856 2664 voluntatem
872 2588 1043 2663 faciendi.
1097 2588 1170 2661 Sed

125 2697 309 2795 injustitia
333 2701 489 2776 actionis
513 2726 708 2799 personam
732 2704 892 2800 aliquam
918 2704 1087 2775 affectam
1114 2702 1169 2773 in-

123 2813 225 2908 juria
248 2816 432 2910 supponit,
454 2840 586 2913 nempe
611 2817 725 2905 illum,
753 2817 901 2912 quicum
925 2826 1075 2910 pactum
1101 2827 1168 2888 est.

128 2926 258 3023 ltaque
275 2929 458 3025 contingit
474 2930 671 3027 aliquando
687 2929 858 3026 injuriam
875 2928 979 3017 alim,
994 2928 1168 3001 damnum

129 3039 229 3135 quod
246 3041 292 3114 ab
310 3042 443 3139 injuria
460 3054 527 3133 est,
540 3043 632 3117 alius
648 3043 760 3128 fac'it3
786 3054 827 3114 ut
840 3041 987 3137 quando
1001 3041 1170 3115 dominus

129 3152 291 3226 debitam
309 3155 417 3228 alicui
434 3156 575 3229 solvere
592 3155 786 3252 pecuniam
803 3177 950 3227 servum
963 3155 1126 3249 jusserit,
1140 3154 1171 3227 si

130 3289 256 3340 servus
265 3291 341 3341 non
353 3268 494 3358 fecerit,
506 3269 640 3364 injuria
654 3292 737 3362 quae
747 3266 920 3340 creditori
932 3269 975 3340 fit
989 3266 1170 3340 adomino

131 3390 198 3468 est,
216 3404 297 3475 quae
316 3380 465 3454 domino
481 3383 564 3455 fita
586 3405 692 3454 servo
710 3391 766 3453 est
781 3412 791 3463 ;
816 3381 1006 3454 nonenim
1033 3403 1170 3466 servus,

131 3491 198 3565 sed
213 3493 382 3568 dominus
405 3520 488 3568 cum
507 3495 692 3569 creditore
707 3507 837 3589 pactus
864 3504 930 3566 θεῖ.
983 3492 1170 3580 Similiter,

132 3604 283 3679 instato
297 3607 406 3696 civili,
426 3607 551 3681 debita
566 3608 635 3681 sibi
652 3608 839 3680 remittere
855 3606 1021 3679 homines
1038 3605 1172 3702 privati

132 3730 305 3814 possunt;
332 3719 397 3793 sed
426 3720 619 3795 latrocinia
644 3745 718 3793 non
744 3719 845 3808 item,
864 3720 950 3815 quia
966 3730 1052 3792 sunt
1070 3718 1172 3814 quasi

134 3830 257 3905 debita
272 3833 431 3930 publica,
449 3834 504 3906 ita
519 3845 560 3906 ut
577 3834 721 3930 injuriae
737 3834 845 3906 factae
863 3833 935 3906 sint
953 3832 1104 3905 civitati.

183 3945 294 4019 Quod
306 3947 446 4020 volenti
461 3949 516 4036 fit,
530 3948 665 4044 injuria
680 3972 755 4021 non
767 3959 833 4019 est.
887 3946 982 4019 Nam
1000 3945 1071 4018 nisi
1087 3968 1174 4040 pac-

133 4071 214 4131 tum
230 4059 279 4133 sit
295 4071 337 4133 ut
354 4085 428 4133 non
444 4060 594 4150 faceret,
613 4061 746 4157 injuria
770 4083 940 4132 essenon
967 4069 1091 4155 potest
1106 4089 1116 4142 ;
1143 4059 1174 4130 si

133 4186 282 4268 pactum
299 4174 359 4263 sit,
378 4173 519 4247 tollitur
546 4173 720 4270 obligatio
746 4196 814 4269 per
829 4173 1058 4246 voluntatem
1082 4170 1174 4243 obli-

131 4286 267 4381 gantis,
286 4285 325 4358 id
343 4297 397 4359 est
414 4288 504 4383 ejus,
523 4287 670 4383 quicum
688 4299 837 4382 pactum
855 4299 920 4359 est.

1005 4421 1052 4471 12
