2926 4980
356 401 573 454 arruunrx
593 400 648 453 AD
669 401 925 455 euvraraau
1088 385 1159 451 525

169 568 219 641 A.
248 568 320 642 Sed
338 593 572 643 commoveor
589 592 769 643 consensu
786 571 962 656 omniurn,
980 567 1043 664 qui
1060 565 1162 638 fuere
1221 597 1298 647 cap.
1312 597 1336 646 1,

120 696 159 757 et
176 696 275 771 sunt,
294 682 533 772 credentium,
552 683 713 755 animam
740 683 956 756 rationalem
974 682 1163 754 immorta·
1200 679 1346 799 ff

120 798 191 869 lem
211 820 289 869 esse
307 821 373 869 sua
389 808 532 886 natura,
552 796 660 869 simul
677 807 788 893 atque
806 810 861 869 est
879 808 1015 883 creata,
1034 817 1162 890 quam·
1201 809 1291 852 Nicano-

120 911 175 984 vis
192 911 312 1006 ignari
330 909 510 984 doctrinae
528 934 654 984 sacrae.

170 1023 220 1097 B.
247 1023 429 1118 Equidem
446 1024 538 1111 illos,
551 1023 612 1119 qui
631 1023 683 1096 sic
701 1022 876 1111 sentiunt,
890 1045 966 1095 non
982 1022 1162 1117 vitupero.

122 1135 219 1207 Nam
246 1137 307 1232 qui
336 1136 512 1232 praeclare
536 1135 649 1208 sentit
672 1133 718 1208 de
741 1134 863 1206 anima
878 1134 1039 1231 propria,
1057 1147 1164 1207 cavet

121 1248 336 1345 plerumque
354 1274 401 1322 ne
418 1249 518 1322 illam
535 1272 602 1345 per
618 1248 705 1321 vitae
724 1248 991 1344 turpitudinem
1009 1247 1163 1319 dedeco-

122 1373 191 1434 ret.
245 1361 430 1434 Caeterum
457 1386 532 1434 non
558 1360 733 1450 concedo,
760 1360 862 1433 illurn
889 1361 1010 1434 minus
1035 1384 1164 1433 cavere

122 1473 232 1562 idem,
247 1475 311 1570 qui
328 1486 540 1548 constanter
557 1473 676 1547 credit
693 1473 852 1546 animam
876 1497 979 1546 suam
998 1472 1165 1568 redemp-

121 1599 198 1660 tam
226 1611 305 1660 esse
330 1611 397 1683 per
422 1587 638 1683 sanguinem
664 1586 813 1676 Christi,
837 1597 875 1660 et
901 1587 1037 1659 factam
1057 1599 1164 1659 aeter-

121 1724 219 1773 nam.
272 1700 403 1797 Neque
421 1701 460 1774 id
477 1700 753 1774 concedendum
771 1701 838 1773 tibi
856 1712 923 1790 est,
944 1700 1165 1773 sententiam

121 1813 221 1886 illam
246 1813 359 1886 fuisse
385 1825 423 1886 et
449 1836 528 1887 esse
556 1814 721 1886 omnium
747 1814 785 1885 in
811 1814 1025 1886 uuiversum
1046 1813 1164 1886 homi-

121 1950 222 2000 num.
285 1927 342 1999 llli
374 1926 472 1999 enim
503 1927 566 2022 qui
599 1925 773 1999 dixerunt
798 1926 837 1998 in
871 1925 1043 1999 cordibus
1078 1926 1164 2013 suis,

123 2041 316 2130 “edamus,
328 2040 508 2130 bibamus,
526 2064 607 2113 cras
624 2039 858 2126 moriemur,''
872 2063 948 2112 non
966 2039 1018 2112 ita
1035 2041 1166 2113 sentie-

122 2154 224 2244 bant,
243 2155 307 2250 qui
325 2165 449 2225 tamen
467 2152 574 2249 pauci
593 2176 668 2225 non
685 2164 782 2225 sunt.
822 2152 1004 2225 Praeterea
1021 2166 1166 2225 senten-

124 2268 185 2339 tiae
203 2290 331 2338 eorum
350 2266 526 2354 omnium,
545 2266 608 2362 qui
625 2266 703 2339 sine
720 2267 869 2363 propria
885 2266 1166 2339 ratiocinatione

124 2391 330 2476 sequuntur
355 2378 553 2452 dictamina
579 2379 851 2475 magistrorum,
869 2402 945 2452 nou
971 2390 1057 2452 sunt
1082 2399 1167 2474 pro-

124 2493 204 2588 prie
231 2516 317 2564 suae.
370 2492 457 2564 Non
480 2515 569 2589 ergo
595 2493 649 2565 ita
674 2493 810 2565 sentire
828 2492 901 2564 dici
919 2491 1055 2565 debent
1071 2492 1168 2588 agri-

126 2605 228 2693 colae,
260 2605 432 2695 artifices,
467 2605 601 2701 aliique
634 2605 801 2679 homines
835 2605 898 2703 qui
932 2605 1032 2679 circa
1055 2607 1169 2679 vitam

126 2741 357 2792 communem
376 2719 557 2814 occupati,
569 2743 769 2816 numquam
785 2720 863 2793 fere
880 2719 1076 2793 denatura
1093 2720 1169 2793 ani-

126 2856 197 2905 mae
214 2856 301 2922 suae,
320 2832 385 2905 sed
402 2832 448 2905 de
466 2833 604 2907 divitiis
622 2846 659 2906 et
675 2833 875 2908 honoribus
901 2832 1169 2930 comparandis,

126 2946 185 3018 vel
220 2944 265 3016 de
293 2947 571 3019 necessitatibus
599 2971 749 3020 suorum
779 2970 976 3043 corporum
1006 2946 1169 3043 cogitare

127 3059 257 3132 solent.
311 3060 441 3156 ltaque
471 3082 670 3133 consensus
700 3060 760 3133 ille
784 3060 949 3132 omnium
980 3059 1170 3133 hominum

127 3171 301 3246 reductus
333 3186 389 3246 est
420 3173 468 3246 ad
498 3196 716 3246 consensum
742 3173 902 3245 solorum
933 3172 1171 3268 pbilosopho-

127 3309 221 3358 rum.
274 3285 429 3374 Deinde,
449 3286 552 3359 fuere
578 3285 675 3359 inter
700 3285 937 3381 philosophos
965 3284 1169 3375 Sadducaei,

129 3399 193 3495 qui
212 3399 332 3472 nullos
349 3399 499 3472 omnino
526 3399 725 3472 credebant
743 3422 820 3471 esse
848 3399 997 3495 spiritus
1016 3411 1170 3487 creatos,
1277 3426 1281 3435 ·

129 3525 168 3585 et
184 3512 339 3609 proinde
360 3514 492 3586 animae
518 3512 764 3600 existentiam,
782 3513 889 3585 aliter
907 3536 1018 3607 quam
1038 3523 1081 3585 ut
1107 3537 1172 3609 ap-

128 3626 287 3721 pellatur
303 3625 392 3714 vita,
416 3649 492 3698 nou
516 3626 777 3721 agnoscebant.
828 3625 950 3698 Etiam
971 3637 1172 3698 sectatores

130 3737 338 3811 Aristotelis
364 3748 402 3810 et
428 3739 602 3828 Platonis,
626 3761 702 3811 non
729 3738 931 3835 perspectis
956 3739 1171 3827 rationibus,

130 3850 196 3924 sed
219 3851 297 3924 sola
319 3851 544 3924 authoritate
571 3851 832 3948 magistrorum
855 3851 894 3924 id
912 3850 1172 3937 erediderunt;

130 3989 205 4038 non
227 3975 313 4037 sunt
334 3988 422 4060 ergo
447 3964 665 4037 numerandi
693 3977 866 4059 tauquam
894 3965 1067 4037 authores
1094 3966 1173 4062 opi-

130 4079 251 4152 nionis
278 4102 388 4174 quam
410 4080 643 4175 profitentur.
698 4077 800 4150 Adeo
818 4089 860 4150 ut
877 4102 968 4173 quos
988 4077 1078 4150 dicis
1095 4102 1173 4151 om-

131 4215 197 4264 nes
213 4192 390 4279 homines,
408 4190 635 4264 reducuntur
651 4192 700 4264 ad
717 4191 917 4281 Platonem,
936 4192 1172 4265 Aristotelem

131 4304 294 4402 aliosque
322 4329 458 4402 paucos
486 4304 728 4401 pbilosophiae
745 4305 940 4409 principes.
993 4305 1172 4402 Denique,
