2926 4980
357 376 411 427 na
430 375 571 427 nunno
590 374 892 428 ranunnnnun.
1067 363 1136 429 451

107 547 240 622 fabulis
273 546 440 630 anilibus,
474 544 715 619 admittendo.
798 546 936 631 Tertio,
971 545 1142 644 reliquias
1155 576 1232 626 cup,
1248 577 1342 628 xm,

108 661 286 756 quasdam
328 659 514 756 religionis
547 670 585 732 et
618 658 884 755 philosophiam
918 660 1141 746 Graecorum,
1169 660 1325 763 „ff

107 771 623 871 praesertimAristoteliS,cum
636 771 959 868 ScripturisSaeris
973 773 1142 846 commis.
1168 785 1320 861 ‚pransum

109 888 236 963 eend0.
289 890 445 976 Quarto,
462 910 529 983 per
546 886 667 975 falsas,
685 887 800 976 fictae,
817 886 876 959 vel
893 885 1051 959 incertas
1068 896 1142 958 tra·
1169 851 1344 960 diffie&

109 1001 265 1075 ditiones
283 1013 321 1074 et
330 1000 501 1073 historias
517 1031 527 1082 ;
553 1012 664 1094 atque
676 999 730 1072 ita
739 1022 902 1072 erramus
916 1000 1054 1072 attenti
1063 1000 1144 1096 epi„
1170 981 1339 1039 ΜΡΝ·

108 1115 245 1189 ritibus
259 1112 521 1212 deceptoribus
534 1122 572 1185 et
586 1113 768 1186 doctrinis
779 1113 1034 1186 canoniorum
1045 1140 1060 1196 ,·
1069 1138 1144 1210 per

110 1232 327 1331 hypocrisin
331 1230 643 1329 falsiloquorum,
661 1254 814 1328 qnorum
831 1231 1058 1304 conscientia
1085 1240 1144 1303 est

111 1345 355 1435 conterinum,
373 1343 412 1416 id
425 1354 492 1433 est,
511 1367 634 1416 eorum
653 1343 716 1438 qui
728 1343 820 1415 falsa
841 1342 1040 1440 loquuntur
1057 1367 1144 1416 con-

110 1469 168 1531 tra
184 1481 287 1529 suam
304 1457 465 1553 ipsorum
486 1454 758 1529 conscientiam.
811 1455 865 1528 De
891 1455 1053 1529 tenebris
1079 1480 1143 1529 au-

111 1583 186 1644 tem
203 1571 248 1643 ab
266 1569 568 1666 interpretatione
582 1592 657 1642 non
675 1582 777 1642 recta
791 1569 989 1665 Scriptnrae
1010 1569 1142 1660 Sacrae,

110 1684 335 1780 inpraesenti
352 1684 471 1780 capite
485 1683 649 1756 dicturus
666 1707 758 1756 snm.

161 1797 433 1893 Scripturarum
450 1798 584 1870 abusus
596 1797 787 1885 maximus
802 1809 840 1869 et
853 1797 913 1869 cui
924 1797 1046 1870 caeteri
1059 1798 1144 1869 sub-

110 1911 273 1984 serviunt
289 1924 353 1983 aut
370 1909 571 1997 adhaerent,
592 1932 718 1981 earum
736 1908 894 1981 detorsio
912 1919 978 1994 est,
996 1908 1044 1982 ad
1060 1934 1145 2005 pro-

110 2024 272 2098 bandum
290 2023 389 2120 qnod
407 2046 561 2119 regnum
572 2021 653 2109 Dei,
671 2020 717 2093 de
736 2045 808 2116 qno
826 2021 936 2095 toties
953 2021 990 2094 in
1015 2021 1086 2096 illis
1102 2025 1144 2097 fit

109 2139 259 2227 mentio,
274 2139 322 2211 sit
352 2138 515 2226 ecclesia,
531 2160 612 2232 qnae
637 2161 735 2208 nunc
761 2146 828 2225 est,
856 2136 1143 2211 Christianorum

109 2252 298 2325 hominum
314 2252 354 2324 in
379 2261 480 2323 terra
494 2249 706 2323 viventium.
758 2249 993 2323 Manifestum
1020 2263 1143 2323 autem

108 2377 176 2455 est,
194 2365 233 2437 in
251 2364 488 2451 contrarium,
506 2387 662 2458 regnum
680 2363 749 2435 Dei
765 2362 975 2436 institutum
992 2363 1103 2436 fuisse
1121 2389 1144 2437 a

110 2479 200 2567 Deo,
229 2479 459 2551 ministrante
484 2478 600 2565 Mose,
619 2499 727 2572 super
759 2477 908 2551 Judaeos
942 2478 1049 2564 soloS,
1080 2479 1141 2573 qni

113 2617 192 2666 eam
212 2594 259 2666 ob
284 2616 430 2666 emisam
456 2591 686 2687 appellantur
708 2590 747 2662 in
768 2590 967 2687 Scripturis
987 2591 1143 2688 populns

110 2705 179 2778 Dei
195 2706 388 2802 peculiaris
403 2737 412 2790 ς
439 2704 610 2800 idemque
627 2728 781 2800 regnum
794 2705 832 2776 in
850 2704 1027 2778 electione
1043 2705 1143 2778 Sauli

110 2821 218 2916 regiS,
234 2819 383 2893 desiisse
398 2830 504 2914 :post
520 2818 560 2890 id
570 2829 713 2913 tempus
727 2840 880 2912 regnum
890 2817 959 2891 Dei
975 2842 1041 2914 per
1057 2842 1141 2914 pac-

109 2945 201 3022 tum,
218 2934 257 3006 in
274 2933 382 3006 terris
399 2932 539 3005 nullum
557 2931 690 3003 fuisse:
717 2931 925 3025 promisisse
938 2943 1061 3004 tamen
1077 2954 1144 3027 per

109 3047 307 3142 prophetas
324 3047 454 3136 Deum,
472 3044 510 3117 in
528 3067 681 3140 regnum
708 3067 814 3116 sunm
838 3045 986 3118 Judaeos
1011 3044 1143 3118 iterum

109 3159 304 3233 admittere
322 3170 486 3253 tempore
504 3156 603 3253 qnod
627 3157 704 3253 ipse
730 3179 853 3229 secum
879 3157 1143 3232 determinave-

110 3285 179 3360 rat,
197 3295 280 3345 cum
298 3294 364 3367 per
387 3271 641 3367 poenitentiam
668 3269 715 3342 ad
745 3270 864 3344 Deum
891 3295 930 3344 se
953 3285 1144 3346 converte-

111 3394 220 3456 rent:
259 3383 432 3458 invitasse
466 3383 576 3456 etiam
610 3383 678 3456 sub
711 3382 840 3457 iisdem
875 3384 1143 3458 conditionibus

112 3496 359 3570 conversionis
389 3520 514 3570 omnes
541 3509 691 3593 gentes3
718 3509 757 3570 et
781 3498 897 3570 filium
922 3521 1040 3587 snum,
1058 3523 1143 3594 pec-

112 3619 195 3681 cata
224 3609 352 3682 mnndi
378 3621 497 3682 morte
531 3634 597 3683 sna
626 3610 869 3706 expiaturum,
897 3611 934 3683 in
965 3610 1143 3684 mnndum

111 3722 308 3795 missurum
325 3746 364 3795 se
380 3745 459 3794 esse
473 3753 483 3806 3
510 3735 548 3795 et
566 3722 734 3796 doctrina
749 3747 817 3796 sua
832 3723 880 3796 ad
898 3747 1053 3819 regnum
1072 3725 1140 3797 Dei

110 3847 413 3931 praeparaturum,
432 3834 529 3930 qnod
546 3836 584 3908 in
602 3834 661 3908 die
674 3834 804 3930 judicii
821 3835 1052 3932 incepturum
1066 3850 1132 3910 est.

160 3949 285 4020 Errori
303 3949 400 4038 huic,
418 3948 517 4046 qnod
542 3950 707 4039 ecclesia,
733 3973 814 4044 quae
831 3951 942 4023 estin
960 3962 1070 4038 terra,
1089 3963 1144 4024 est

110 4085 266 4157 regnum
293 4060 440 4149 Christi,
466 4061 635 4156 qnodque
664 4086 779 4134 unum
809 4085 888 4134 esse
913 4075 1059 4158 oportet
1085 4063 1143 4137 vel

111 4172 297 4246 hominem
316 4172 372 4246 vel
385 4183 532 4261 coetum,
546 4197 612 4268 per
625 4197 732 4270 quem
751 4175 921 4247 Servator
934 4186 1070 4265 noster,
1083 4176 1145 4271 qui

112 4311 212 4361 nune
229 4299 285 4360 est
301 4287 339 4360 in
353 4287 466 4376 coelis,
483 4286 648 4359 homines
665 4287 873 4383 alloquitur,
891 4289 989 4384 leges
1005 4288 1143 4378 condit,

927 4423 953 4473 u
969 4423 1021 4477 oa
