2926 4980
125 551 203 600 CAP.
219 551 267 603 lv.

131 635 274 668 *mr-²

130 691 165 735 De
174 706 279 737 mone.

315 334 364 399 26
708 346 763 399 nn
783 345 967 399 nourun.

315 514 446 612 quinto
476 514 605 591 eadem
635 527 858 612 repeterent.
910 515 1033 588 Etiam
1060 515 1103 605 is,
1136 514 1199 610 qui
1231 514 1359 588 decem

313 630 428 703 verba
444 628 556 702 habet
573 629 788 718 numeralia,
806 628 878 702 nisi
895 628 1026 703 ordine
1052 652 1097 701 ea
1119 628 1263 717 recitet,
1290 653 1359 701 nu-

314 765 456 816 merare
473 765 589 837 usque
606 742 653 814 ad
672 742 801 815 decem
825 765 900 815 non
918 753 1066 838 potest3
1093 741 1211 816 multo
1237 742 1359 815 minus

313 856 470 945 addere,
497 854 755 944 substrahere,
785 869 825 927 et
845 868 998 928 caeteras
1023 856 1201 952 perficere
1228 879 1358 951 opera-

313 969 433 1041 tiones
449 966 712 1040 arithmeticas.
765 967 895 1062 ltaque
919 968 1058 1062 absque
1074 970 1271 1042 verborum
1287 993 1358 1043 usu

313 1103 553 1155 numerorum
588 1082 815 1176 computatio
829 1133 835 1142 ·
850 1092 907 1154 est
940 1082 1202 1178 impossibilis;
1238 1083 1356 1155 multo

313 1194 431 1290 magis
449 1194 757 1289 magnitudinum,
775 1195 958 1290 graduum
975 1196 1193 1286 velocitatis,
1211 1197 1357 1285 virium,

313 1308 540 1402 aliarumque
564 1332 700 1396 rerum,
728 1333 883 1404 quarum
908 1310 1203 1406 computationes
1227 1311 1275 1384 ad
1291 1336 1357 1407 ge-

313 1421 411 1494 neris
433 1421 585 1494 humani
603 1423 862 1495 necessitatem
879 1423 937 1495 vel
955 1422 1210 1519 adjumentum
1228 1449 1356 1498 neces-

314 1534 420 1608 sariae
437 1548 533 1608 sunt.

366 1647 525 1722 Quando
544 1647 618 1721 duo
636 1648 786 1721 nomina
803 1651 1079 1746 conjunguntur
1101 1663 1145 1723 ut
1169 1651 1236 1724 fiat
1260 1652 1356 1725 affir-

313 1760 428 1834 matio
447 1762 505 1834 vel
523 1763 799 1858 consequentia,
818 1775 861 1835 ut
879 1788 965 1836 cum
985 1764 1152 1853 dicimus,
1176 1765 1280 1837 aaa
1297 1776 1356 1839 est

314 1874 468 1964 animal,
493 1875 552 1947 vel
577 1875 641 1963 sic,
671 1876 706 1948 si
729 1885 787 1949 est
813 1876 917 1948 homo
945 1887 1021 1951 tam
1047 1887 1106 1951 est
1140 1877 1291 1968 animal,
1318 1890 1356 1952 et

312 2013 448 2063 nomen
465 1989 647 2086 posterius
674 1989 819 2063 animal
834 1991 1017 2087 significat
1043 1992 1168 2065 omnia
1184 2017 1266 2088 quae
1284 1993 1355 2089 sig-

313 2102 440 2177 nificat
458 2103 559 2198 prius
576 2127 713 2176 nomen
731 2104 846 2194 homo,
870 2104 1064 2178 affirmatio
1081 2105 1145 2178 illa
1168 2105 1243 2177 sive
1267 2130 1355 2179 con-

313 2216 505 2312 sequentia
521 2240 613 2288 aera
631 2227 699 2305 est,
726 2217 864 2313 alioqui
875 2217 1007 2313 falsu.
1060 2216 1158 2290 Nam
1174 2242 1299 2290 ouum
1316 2232 1355 2291 et

297 2329 451 2426 salsum
480 2329 661 2402 attributa
688 2342 774 2403 sunt
803 2354 879 2403 non
911 2354 1035 2402 rerum
1066 2331 1131 2404 sed
1162 2332 1352 2404 orationis.

312 2442 386 2517 Ubi
397 2454 521 2516 autem
531 2442 650 2515 oratio
661 2466 737 2515 non
751 2456 819 2531 est,
829 2443 880 2516 ibi
894 2467 1014 2539 neque
1024 2467 1152 2516 verum
1166 2456 1221 2518 est
1234 2469 1353 2540 neque

310 2558 466 2642 falsum3
502 2581 712 2653 quanquam
736 2581 840 2630 error
866 2581 944 2630 esse
969 2568 1105 2653 potest,
1136 2569 1178 2630 ut
1205 2558 1353 2655 quando

311 2683 547 2768 expectamus
565 2670 604 2743 id
622 2671 722 2767 quod
739 2696 815 2743 non
833 2672 916 2759 erit,
934 2671 993 2744 vel
1010 2672 1238 2767 suspicamur
1256 2673 1354 2768 quod

311 2810 386 2858 non
403 2785 497 2869 fuit;
525 2784 591 2857 sed
607 2784 690 2856 falsi
707 2784 871 2857 accusari
889 2809 964 2859 non
981 2797 1114 2880 potest.

364 2900 548 2974 Quoniam
580 2923 668 2994 ergo
697 2899 735 2969 in
763 2898 995 2970 ordinatione
1022 2909 1125 2969 recta
1151 2897 1355 2986 nominum,

313 3010 461 3108 quando
479 3011 618 3105 aliquid
635 3012 870 3099 affirmamus
894 3011 1062 3084 consistit
1078 3011 1224 3099 veritas,
1243 3011 1273 3083 is
1292 3012 1354 3105 qui

312 3124 508 3197 veritatem
525 3136 736 3196 accuratam
751 3124 895 3220 qnaerit,
911 3124 1121 3197 meminisse
1133 3123 1254 3209 debet,
1266 3123 1356 3218 quid

313 3239 352 3312 in
387 3262 532 3334 quoque
563 3237 645 3310 loco
679 3237 968 3333 unumquodque
1002 3261 1137 3309 nomen
1171 3237 1280 3319 valet,
1317 3246 1355 3308 et

311 3352 474 3439 nomina,
506 3350 638 3444 quibus
668 3350 798 3439 utitur,
829 3363 930 3423 recte
960 3350 1152 3423 collocare.
1205 3350 1354 3445 Alioqui

312 3466 410 3539 enim
428 3463 646 3560 impeditum
664 3487 703 3536 se
721 3464 886 3537 inveniet
901 3465 1098 3536 verborum
1125 3463 1240 3552 triciS,
1259 3464 1355 3536 sicut

311 3579 455 3652 avicula
481 3577 670 3666 inviscata,
699 3601 781 3673 quae
812 3588 950 3672 quanto
981 3575 1098 3672 magis
1128 3576 1285 3649 liberare
1316 3600 1355 3649 se

311 3703 441 3781 certat,
477 3679 586 3763 tanto'
619 3689 736 3785 magis
770 3689 984 3762 inviscatus.
1036 3690 1167 3784 Itaque
1199 3690 1237 3762 in
1267 3715 1355 3787 geo-

310 3806 454 3892 metria,
473 3828 555 3900 qnae
573 3803 650 3875 sola
664 3803 742 3876 fere
756 3814 812 3875 est
826 3802 981 3876 scientia
993 3815 1179 3892 accurata,
1193 3803 1354 3899 incipere

311 3918 479 4013 magistri
495 3917 615 3989 solent
632 3941 655 3989 a
672 3916 937 3990 constitutione
961 3916 1273 4012 significationum
1290 3943 1355 3991 no·

311 4031 452 4103 minum
470 4031 602 4125 quibus
623 4032 726 4103 usuri
752 4044 850 4120 sunt,
875 4030 914 4102 id
938 4039 1006 4118 est,
1024 4054 1047 4102 a
1064 4030 1353 4121 definitionibus

312 4143 403 4216 etin
422 4144 603 4239 principio
622 4146 743 4239 operis
761 4145 841 4217 illas
859 4144 1052 4217 collocare.

363 4261 484 4354 Atque
514 4259 600 4331 hinc
627 4269 791 4356 apparet,
811 4282 921 4353 quam
944 4257 993 4331 sit
1019 4258 1071 4331 illi
1097 4282 1199 4353 opus,
1218 4257 1280 4353 qui
1306 4256 1353 4329 ad
