2926 4980
331 319 402 386 128
708 339 761 390 os
782 339 989 392 cwrrnru.

42 520 45 525 ·
122 529 200 580 cnr.
212 532 300 584 xvn,
326 502 419 574 mari
437 512 608 599 terraque
623 515 786 599 quaestus
804 530 879 580 non
893 506 1003 580 modo
1020 505 1154 593 licitus,
1167 503 1369 593 sedetiam,

141 616 284 649 *Ὗ*
325 640 349 687 a
365 616 582 688 crudelitate
601 628 638 688 et
651 618 697 689 ab
716 619 795 713 agri
823 618 966 692 colandi
985 616 1240 691 instrumentis
1258 617 1371 689 absti-

112 673 299 732 Dacatuagcno

112 739 305 851 mem
325 730 507 817 uentibus,
525 730 748 804 honorificus
775 744 865 805 erat.
919 732 1028 806 Quod
1055 740 1179 804 autern
1201 729 1370 802 fecerunt

324 853 414 916 tunc
431 841 578 916 familiae
592 868 727 939 parvae,
742 845 781 918 id
798 869 896 918 nunc
907 844 1049 918 faciunt
1065 843 1244 930 civitates
1259 842 1297 914 id
1314 856 1371 915 est

324 954 473 1027 familiae
499 979 653 1050 magnae,
673 954 837 1028 dominia
862 980 928 1028 sua
953 955 1159 1029 securitatis
1185 978 1297 1027 causa
1322 954 1370 1027 ad

326 1092 473 1141 omnem
498 1068 653 1163 periculi
670 1070 728 1141 val
746 1069 945 1142 invasionis
964 1068 1106 1142 hostilis
1124 1067 1370 1162 suspicionem

325 1190 525 1275 augentes;
544 1192 581 1253 et
594 1193 672 1254 tum
687 1183 913 1271 hosteS,tum
927 1183 1065 1278 eosqui
1081 1181 1249 1255 hostibus
1267 1181 1370 1253 auxi-

325 1292 448 1366 liaturi
465 1294 648 1382 videntur,
667 1309 846 1392 quantum
869 1308 1023 1391 possunt
1037 1296 1072 1367 vi
1091 1305 1128 1368 et
1145 1305 1228 1366 astu
1249 1293 1371 1366 debel-

325 1408 405 1480 lant
432 1419 497 1481 ant
523 1407 739 1493 debilitant;
766 1410 888 1506 idque,
907 1409 993 1504 quia
1018 1409 1124 1482 aliter
1149 1408 1267 1480 securi
1290 1430 1369 1479 esse

326 1545 401 1594 non
419 1533 584 1617 possunt,
599 1523 710 1618 juste.

377 1634 508 1732 Neque
523 1636 768 1724 securitatem,
784 1661 893 1732 quam
912 1648 1094 1731 quaerunt,
1111 1646 1285 1730 praestare
1302 1658 1369 1730 po-

325 1758 400 1822 test
421 1772 623 1843 paucorum
640 1750 830 1823 hominum
855 1751 952 1823 inter
969 1773 1008 1822 se
1026 1749 1260 1844 conspiratio,
1281 1749 1369 1845 quia

326 1861 365 1933 in
375 1862 496 1957 parvis
509 1862 671 1934 numeris
684 1885 797 1958 parva
808 1863 989 1936 sociorum
1000 1862 1160 1935 accessio
1171 1862 1218 1934 ad
1230 1873 1369 1934 certam

327 1974 461 2047 sufficit
484 1974 687 2063 victoriam,
714 1976 926 2070 animosque
952 1974 1057 2048 addit
1081 1974 1367 2071 aggressoribus.

326 2086 529 2160 Multitudo
555 2099 690 2177 antem,
710 2112 793 2183 quae
820 2088 1026 2161 securitatis
1052 2112 1127 2161 snae
1154 2093 1256 2184 spem
1273 2110 1370 2183 prae-

326 2211 423 2272 stare
452 2211 586 2296 potest,
604 2225 758 2275 numero
790 2226 865 2274 non
892 2213 1005 2291 certo,
1029 2201 1095 2274 sed
1120 2225 1201 2272 cum
1230 2201 1368 2272 viribus

324 2312 486 2386 hostium
498 2326 709 2410 comparato
723 2314 997 2404 determinatur,
1012 2327 1055 2386 ut
1065 2316 1183 2408 major
1193 2315 1241 2387 sit
1258 2338 1368 2409 quam

325 2438 369 2498 nt
402 2450 572 2499 excessus
605 2429 700 2501 tanti
727 2438 764 2501 et
790 2439 866 2500 tam
892 2427 1080 2523 conspicui
1113 2427 1290 2499 momenti
1320 2428 1367 2500 ad

325 2539 462 2611 bellum
490 2539 692 2614 finiendum
717 2541 776 2631 sit,
793 2551 836 2613 ut
865 2540 980 2613 hostis
1006 2540 1054 2612 ad
1079 2538 1367 2636 aggrediendum

325 2665 559 2748 provocetur.

377 2765 435 2838 Sit
451 2777 575 2839 autem
593 2766 790 2840 multitudo
806 2779 1099 2862 quantacunque,
1118 2766 1149 2838 si
1166 2776 1289 2838 tamen
1306 2790 1367 2838 ac-

325 2879 444 2953 tiones
471 2904 598 2953 eorum
621 2880 768 2977 judiciis
786 2892 823 2953 et
840 2880 1001 2953 arbitriis
1019 2879 1216 2951 multorum
1233 2878 1367 2973 guber-

325 2993 624 3082 nentur,nulla1u
641 2993 727 3066 inde
741 3006 935 3089 expectare
948 3004 1101 3088 possunt
1118 2991 1365 3077 securitatem,

325 3128 444 3200 neque
462 3117 592 3179 contra
608 3129 838 3178 communem
855 3106 1011 3193 hostem,
1029 3127 1148 3199 neque
1165 3115 1295 3176 contra
1310 3102 1366 3174 in-

321 3218 437 3313 jurias
454 3219 549 3292 alter
573 3219 734 3291 alterius.
787 3218 1052 3291 Dissentientes
1078 3218 1176 3289 enim
1203 3217 1301 3289 inter
1327 3239 1365 3287 se

326 3331 372 3403 de
389 3332 522 3403 virium
539 3355 608 3403 usu
625 3355 700 3403 non
717 3331 787 3403 sibi
804 3343 934 3404 mutuo
962 3330 1169 3403 auxiliaturi
1187 3339 1283 3415 sunt,
1301 3329 1365 3401 sed

326 3444 501 3540 oppositis
515 3443 676 3516 consiliis
688 3444 783 3516 vires
801 3444 848 3516 ad
866 3442 1020 3515 nihilum
1031 3442 1229 3516 reducturi.
1258 3441 1366 3513 Unde

325 3581 401 3631 non
419 3557 529 3630 modo
547 3582 570 3629 a
586 3557 773 3629 communi
789 3557 894 3630 hoste
918 3555 1025 3628 facile
1049 3567 1282 3650 superantur,
1301 3555 1365 3627 sed

325 3671 437 3742 etiam
456 3670 501 3743 de
519 3670 719 3743 commodis
736 3669 894 3766 propriis
912 3670 1008 3741 inter
1022 3692 1061 3741 se
1078 3668 1174 3740 bello
1189 3668 1366 3740 certaturi

325 3795 422 3855 sunt.
476 3783 665 3878 Siquidem
689 3783 785 3855 enim
810 3782 1000 3855 hominum
1017 3805 1193 3853 numerus
1210 3805 1365 3876 maguus

326 3897 404 3969 sine
417 3897 585 3993 potentia
602 3897 798 3984 communi,
813 3920 895 3991 quae
917 3907 1042 3991 posset
1069 3919 1196 3968 omnes
1220 3919 1363 3990 cogere,

325 4009 364 4081 in
381 4009 593 4104 aequitatem
610 4021 834 4103 caeterasque
850 4009 950 4104 leges
964 4020 1106 4081 naturae
1120 4007 1363 4081 observandas

326 4123 534 4196 consentire
552 4131 830 4218 supponeretur,
845 4121 942 4193 idem
954 4121 1065 4194 etiam
1078 4121 1124 4193 de
1138 4131 1216 4192 toto
1230 4141 1362 4213 genere

324 4237 485 4310 humano
503 4236 783 4332 supponendum
794 4246 912 4320 esset;
939 4235 1064 4330 itaque
1078 4231 1253 4330 regimine
1266 4230 1362 4303 civili
