2926 4980
517 349 573 401 ns
592 350 775 402 souma.
1123 335 1164 402 15

120 513 207 609 ejus
232 515 407 610 cogitatio
428 541 504 589 non
528 527 605 590 tam
629 517 783 590 fortuita
808 528 875 604 est,
894 542 1005 614 quam
1022 517 1167 591 videtur
1206 547 1283 596 car.
1296 547 1349 596 111.

124 651 229 710 csse;
255 652 372 724 neque
390 631 492 702 omni
509 631 726 727 cogitationi
743 631 860 704 omnis
878 632 1053 727 cogitatio
1070 633 1166 728 pari-
1180 629 1354 743 beffi-

123 751 187 812 ter
215 741 387 814 succedit.
442 743 517 816 Sed
543 755 585 816 ut
614 744 753 816 nullam
785 745 961 817 habemus
991 745 1355 860 imagina-312¹=⁵7<³250¹¹Jlm

124 853 279 942 tionem,
297 878 380 950 quae
397 878 473 928 non
497 869 584 929 ante
607 857 678 930 fuit
694 857 732 929 in
750 859 919 931 sensione
935 859 993 930 vel
1010 869 1092 931 tota
1107 856 1166 929 vel
1208 830 1272 874 ψ
1357 846 1363 856 ’

124 989 193 1061 per
204 977 340 1061 pastea,
355 969 408 1041 ita
419 970 522 1043 nulla
538 984 595 1044 est
611 971 781 1044 transitio
795 973 841 1044 ab
855 996 929 1044 una
942 970 1166 1066 cogitatione

126 1078 176 1151 ad
196 1079 308 1152 aliam
333 1083 438 1178 cnjus
465 1085 593 1158 similis
617 1109 692 1158 nou
718 1084 891 1158 extiterat
915 1097 1002 1157 ante
1023 1084 1060 1156 in
1084 1106 1167 1155 sen-

126 1193 243 1266 sione.
295 1193 408 1291 Cujus
442 1198 497 1269 rei
530 1221 640 1270 causa
672 1199 752 1270 haec
787 1209 855 1270 est.
909 1197 1168 1270 Phantasmata

127 1306 253 1379 omnia
272 1319 394 1381 motus
419 1320 507 1381 sunt
528 1310 675 1399 interni,
693 1335 825 1407 nempe
848 1322 1015 1383 motuum
1032 1309 1070 1381 in
1088 1333 1169 1381 sen·

126 1419 234 1491 sione
260 1419 444 1494 factorum
470 1422 644 1519 reliquiae.
697 1424 823 1497 Motus
850 1436 986 1509 autem,
1016 1422 1079 1518 qui
1106 1421 1168 1494 alii

125 1532 209 1605 aliis
238 1533 440 1607 succedunt
470 1534 508 1607 in
534 1537 701 1609 sensione
726 1535 947 1623 immediate,
973 1547 1167 1607 remanent

127 1645 241 1718 etiam
254 1646 373 1735 simul,
389 1647 501 1720 etiam
517 1659 601 1744 post
617 1649 833 1721 sensionem.
885 1647 990 1719 Adeo
1007 1657 1061 1737 ut,
1077 1670 1168 1742 quo-

128 1759 199 1831 ties
223 1758 319 1832 redit
336 1762 515 1857 cogitatio
532 1763 634 1858 prior
650 1761 1021 1858 praedominaturque‚
1040 1783 1168 1855 sequa-

127 1885 190 1946 tur
215 1873 396 1970 posterior
421 1886 573 1971 propter
598 1875 841 1948 cohaesionem
863 1874 1027 1947 materiae
1044 1885 1167 1961 motae,

128 1986 440 2082 quemadmodum
473 2013 569 2084 aqua
607 2013 716 2084 super
756 1988 919 2060 tabulam
951 1987 1097 2083 planam
1131 1996 1169 2058 et

128 2099 247 2173 levem
272 2101 432 2173 trahitur
457 2126 523 2197 per
547 2101 644 2174 viam
670 2126 743 2197 qua
768 2101 870 2174 ducit
893 2101 1042 2197 digitus.
1095 2098 1169 2172 Sed

128 2214 303 2308 quoniam
326 2214 447 2286 eidem
470 2215 524 2288 rei
545 2226 733 2311 conceptae
759 2215 923 2310 sequitur
949 2213 1058 2287 modo
1083 2237 1168 2297 una,

129 2325 240 2399 modo
257 2327 328 2399 alia
345 2351 416 2415 res,
433 2341 518 2423 post
539 2328 655 2400 multa
678 2327 841 2422 cogitata
857 2328 900 2398 fit
921 2337 964 2398 nt
987 2326 1169 2398 incertum

57 2478 62 2490 -
130 2439 179 2510 sit
208 2463 291 2534 quae
319 2440 496 2536 cogitatio
527 2441 585 2514 cui
621 2441 835 2537 cogitationi
868 2464 1080 2513 successura
1109 2440 1167 2512 sit.

131 2552 215 2624 Hoc
232 2560 379 2626 tantum
401 2566 542 2627 certum
563 2566 630 2643 est,
648 2577 897 2626 successuram
915 2575 993 2625 csse
1010 2553 1168 2648 aliquam

130 2688 268 2754 earnm,
287 2690 370 2762 quae
387 2678 472 2739 ante
490 2678 739 2739 successerant
756 2664 964 2763 aliquando.

181 2777 300 2850 Series
326 2779 589 2874 cogitationum
617 2779 694 2852 sive
716 2778 900 2851 discursus
918 2777 1084 2850 mentalis
1103 2777 1170 2850 du-

130 2890 215 2987 plex
237 2909 307 2980 est,
333 2892 449 2964 altera
473 2890 717 2988 irregularis,
736 2892 815 2964 sine
839 2892 914 2965 ullo
940 2892 1012 2964 fine
1037 2916 1169 2989 propo-

131 3004 216 3092 sito,
232 3003 400 3100 adeoque
417 3005 640 3094 inconstans
654 3017 697 3077 ut
714 3005 752 3077 in
771 3029 843 3100 qua
860 3006 960 3078 nulla
977 3017 1033 3078 est
1049 3006 1168 3102 passio

130 3141 213 3211 quae
237 3119 420 3213 gubernet
444 3130 483 3190 et
509 3118 642 3214 dirigat
673 3119 915 3213 cogitationes
944 3131 1095 3191 caeteras
1121 3118 1169 3191 ad

128 3231 242 3304 finem
268 3230 525 3304 desideratum.
576 3232 680 3304 Tunc
702 3244 824 3305 autem
841 3233 967 3329 vagari
986 3232 1169 3321 dicuntur,

129 3359 169 3418 et
183 3345 303 3418 videri
319 3345 401 3418 aliae
421 3345 468 3418 ad
485 3346 572 3419 olias
590 3371 665 3419 non
682 3346 879 3443 pertinere,
896 3358 940 3418 ut
957 3345 995 3417 in
1013 3345 1168 3418 somnio.

129 3459 238 3532 Tales
255 3457 470 3555 plerumque
488 3472 575 3531 sunt
592 3483 719 3532 eorum
737 3459 991 3555 cogitationes,
1007 3457 1170 3554 quisunt

130 3596 207 3644 non
229 3571 349 3643 solum
375 3570 452 3643 sine
478 3571 665 3657 comitatu,
688 3570 753 3643 sed
776 3571 887 3643 etiam
908 3571 986 3642 sine
1007 3569 1170 3641 omnium

131 3707 257 3756 rerum
268 3683 534 3767 sollicitudine;
550 3709 759 3781 quanquam
772 3684 986 3756 etiamtunc
1000 3707 1074 3755 non
1092 3706 1170 3755 ces·

132 3808 217 3868 sant
242 3797 495 3892 cogitationes
521 3796 586 3869 sed
611 3797 690 3870 sine
714 3797 908 3869 harmonia
932 3807 1028 3885 sunt,
1047 3796 1170 3891 quales

132 3920 220 3982 sunt
247 3909 373 4004 pulsus
401 3910 491 4006 lyrae
518 3909 658 3982 homini
687 3909 869 4006 imperito.
920 3908 1170 3981 Veruntamen

131 4023 173 4095 in
198 4021 268 4094 hac
293 4021 487 4117 vagatione
513 4022 625 4095 animi
656 4022 946 4096 animadvertere
975 4021 1170 4118 aliquando

131 4158 329 4232 possumus
352 4134 567 4207 methodum
594 4135 789 4230 quandam,
811 4144 848 4207 et
875 4158 947 4228 quo
968 4134 1077 4207 modo
1098 4158 1173 4207 una

133 4247 313 4343 cogitatio
338 4248 383 4320 ab
409 4248 525 4320 altera
550 4248 700 4322 oriatur.
752 4246 900 4320 Etenim
924 4246 963 4319 in
991 4246 1171 4342 colloquio
