2926 4980
303 284 376 351 522
539 297 756 351 sersaoni
775 296 831 351 ιιι
851 298 1111 352 ιιινιιιτιιιιι.

135 501 214 552 ω»
227 503 251 552 1
302 464 469 561 reprobis
486 477 645 539 aeternos
669 467 867 557 cruciatus,
884 491 960 541 non
984 466 1072 541 inde
1087 464 1242 564 poteris
1259 461 1370 537 colli·

92 579 261 688 Π
301 602 390 708 gere
407 578 547 651 animas
565 601 693 652 eorum
711 580 808 654 inter
825 580 922 654 diem
934 582 1063 655 mortis
1079 591 1119 654 et
1136 578 1248 652 diem
1259 575 1368 675 judi·

112 706 204 751 Nioeno·
303 692 364 781 cii,
378 690 443 765 sed
457 702 603 765 tantum
615 705 700 788 post
711 693 809 767 drem
816 694 946 791 Jodrcn
957 694 1137 768 extrtrsse
1164 692 1365 766 Praeoerea

301 804 493 902 ajustitia
510 805 592 895 Dei,
618 806 684 902 qui
709 808 894 880 cmciatus
912 819 1070 881 aetemos
1086 804 1361 933 peccatoribus

302 918 545 991 comminatus
556 930 788 1015 est,arguere
799 921 1044 994 aeternrtatem
1053 942 1225 1016 ipsorum
1235 942 1361 992 crucr-

301 1043 428 1104 atuum
445 1054 520 1103 non
535 1041 652 1127 potes.
678 1033 758 1105 Etsi
769 1034 868 1106 enim
881 1034 945 1129 qui
958 1034 1056 1108 bona
1067 1056 1150 1130 quae
1164 1032 1359 1106 debentur

300 1168 375 1216 non
404 1156 568 1241 praestat,
592 1146 749 1242 injustus
775 1148 884 1236 sit,is
911 1159 1049 1236 tamen,
1075 1145 1139 1244 qui
1163 1145 1269 1220 mala
1294 1144 1355 1219 vel

301 1257 434 1332 damna
452 1258 578 1332 debita
590 1284 666 1333 non
678 1272 843 1357 praestat,
857 1262 1101 1359 injustusnon
1113 1271 1183 1349 est,
1197 1259 1270 1333 sed
1281 1258 1353 1332 mi·

300 1372 466 1444 sericors.
494 1372 644 1446 Quanto
655 1374 776 1446 minus
787 1373 899 1465 Deua,
911 1375 974 1470 qui
984 1386 1041 1448 est
1051 1374 1195 1446 infinite
1205 1373 1353 1446 miseri·

300 1509 395 1574 cors,
421 1509 497 1558 non
513 1487 651 1581 poterit
668 1487 747 1560 sine
761 1488 917 1585 justitiae
935 1512 1011 1561 suae
1026 1486 1230 1560 violatione
1247 1486 1349 1560 miti·

299 1623 387 1695 gare
398 1610 477 1671 tum
489 1599 768 1675 diuturnitatem
782 1613 861 1675 tum
875 1601 1115 1676 acerbitatem
1127 1600 1349 1673 meritarum

300 1712 512 1810 poenarum?
531 1712 673 1786 Deinde
688 1714 879 1810 Scriptura
890 1715 992 1804 dicit,
1009 1712 1176 1810 (Apocal.
1190 1736 1254 1786 xx.
1271 1714 1346 1807 14):

300 1825 430 1923 Ipsum
447 1826 635 1922 irffernum
648 1828 851 1923 conjectum
863 1828 916 1900 in·
931 1828 977 1907 ia,
988 1827 1110 1900 lencm
1128 1824 1247 1923 ignia,
1266 1849 1348 1924 qua

299 1947 358 2012 eat
369 1939 534 2012 secondo
552 1963 662 2013 mora
689 1940 899 2036 Resurgent
915 1964 1003 2037 ergo
1021 1937 1180 2036 reprobi,
1190 1949 1235 2012 ut
1246 1938 1349 2011 vide·

299 2064 372 2142 tur,
387 2052 434 2126 ad
452 2052 651 2127 secundam
668 2063 838 2127 mortem.
890 2053 1058 2150 Denique
1076 2052 1108 2126 si
1124 2051 1252 2125 anima
1269 2075 1346 2124 uon

299 2167 347 2241 sit
374 2167 472 2240 idem
500 2165 599 2263 quod
619 2166 708 2256 vita,
725 2166 790 2239 sed
818 2167 1024 2240 substantia
1051 2166 1152 2238 inse
1179 2165 1346 2239 existens

298 2280 472 2354 distincta
489 2304 511 2352 a
524 2303 688 2375 corpore,
703 2279 904 2376 eademque
918 2279 1077 2354 bominis
1090 2279 1253 2352 essentia
1266 2279 1347 2352 sive

298 2406 442 2481 natura,
452 2393 555 2488 sequi
567 2391 724 2483 videtur,
738 2392 866 2466 addita
877 2404 1011 2466 natura
1021 2391 1156 2481 divina,
1170 2403 1249 2465 tres
1262 2415 1346 2466 esse

299 2508 337 2580 in
355 2507 502 2581 Christo
520 2519 683 2596 naturas
702 2506 803 2603 quod
820 2518 876 2580 est
895 2519 1027 2579 contra
1043 2505 1167 2579 fidem.

349 2622 398 2693 A.
425 2620 506 2693 Etsi
542 2644 587 2693 ex
623 2620 814 2717 Scriptura
843 2618 1088 2692 demonstrari
1119 2642 1196 2691 non
1228 2621 1348 2714 possit

297 2735 457 2807 animam
481 2733 680 2805 humanam
711 2732 951 2806 substantiam
978 2755 1056 2805 esse
1086 2739 1297 2827 separatam
1325 2757 1349 2806 a

298 2870 462 2942 corpore,
488 2869 564 2917 non
580 2844 727 2917 videtur
751 2857 874 2918 tamen
902 2868 947 2916 ex
973 2844 1162 2940 Scriptura
1189 2842 1348 2918 demon-

298 2961 407 3035 strari
421 2982 526 3056 posse
544 2958 781 3031 contrarium.

348 3074 397 3146 B.
424 3072 622 3144 Videamus
648 3094 736 3167 ergo
768 3069 857 3166 quid
875 3070 1065 3165 Scriptura
1082 3067 1183 3157 dicit,
1197 3080 1281 3143 tum
1305 3071 1347 3144 in

297 3187 423 3260 Veteri
441 3199 520 3258 tum
538 3185 577 3257 in
595 3184 701 3257 Novo
718 3184 967 3270 Testamenta,
992 3181 1038 3253 de
1059 3190 1192 3254 natura
1209 3183 1346 3257 animae

298 3301 480 3387 humanae,
498 3297 721 3370 harmonice.
750 3297 803 3369 Ut
820 3295 919 3369 enim
931 3294 1078 3368 articuli
1090 3295 1345 3390 praecedentes

297 3412 473 3511 praecipui
492 3411 566 3484 sint
583 3410 683 3507 apud
708 3409 913 3505 theologos,
932 3409 1109 3482 articulus
1136 3419 1261 3481 tamen
1280 3409 1344 3484 hic

298 3529 343 3601 de
361 3525 626 3601 resurrectione
652 3524 830 3597 advitam
854 3535 1030 3596 aeternam
1058 3522 1265 3618 praecipuus
1284 3537 1343 3598 est

297 3642 396 3739 apud
426 3638 653 3713 Christianos
683 3638 896 3721 universos;
934 3636 1020 3732 quia
1049 3635 1088 3708 in
1121 3635 1185 3707 illo
1220 3638 1342 3711 omnis

298 3780 426 3829 eorum
455 3765 539 3849 post
569 3749 761 3848 praesentis
783 3749 870 3822 vitae
897 3749 1111 3821 afflictiones
1139 3747 1343 3822 collocatur

297 3893 391 3964 spes,
410 3877 449 3940 et
476 3876 740 3962 praesumptum
756 3863 944 3959 gaudium.
997 3862 1100 3935 Dixit
1116 3862 1217 3935 Deus
1232 3862 1342 3953 (Gen.

297 3982 335 4054 ii.
352 3984 412 4075 17)
434 3979 483 4052 ad
494 3978 677 4050 Adamum
694 3977 732 4048 in
751 3975 936 4064 Paradiso‚
955 3976 1020 4047 ubi
1037 3986 1143 4048 erant
1161 3974 1245 4049 duae
1262 3999 1343 4071 prae

298 4093 440 4167 caeteris
469 4091 618 4164 arbores
648 4088 883 4178 excellentes
908 4111 1042 4184 nempe
1058 4088 1168 4161 arbor
1185 4088 1284 4185 vitae,
1302 4102 1344 4163 et

297 4208 405 4280 arbor
423 4202 643 4299 cognitionis
660 4201 748 4274 boni
765 4213 802 4274 et
820 4201 918 4287 mali,
949 4225 1020 4298 quo
1045 4199 1106 4273 die
1128 4201 1342 4275 comederis
1382 4186 1386 4196 ⁸
