2926 4980
323 364 371 429 62
712 379 764 430 nn
786 378 966 432 nonina.

128 579 207 631 ω»,
220 580 297 632 vm·
325 543 427 616 rimis
440 544 629 617 aDiabolo
642 545 848 641 profectum
862 569 941 619 esse
954 546 1252 629 existimabatur3
1271 571 1365 620 unus

113 663 285 768 ΗΘΜ
324 659 841 755 antemerat,quiipsan1m
871 671 1123 756 contemptum
1152 660 1251 733 huno
1279 661 1364 734 vitae

110 786 306 840 sarnanum
324 771 413 843 oriri
430 772 476 844 ab
494 772 607 844 animi
624 772 747 868 aliqua
769 773 937 869 passione
963 773 1167 870 suspicatus
1184 788 1262 857 est;
1297 799 1364 870 pu-

111 851 276 973 fflss'qu‘
324 895 480 979 tansque
498 885 578 959 illas
595 910 670 959 non
686 899 729 960 ut
741 887 867 976 vitam,
882 888 935 960 sio
952 887 1128 960 honorem
1146 888 1257 961 etiam
1276 911 1364 960 con-

324 998 527 1093 tempsisse,
540 1001 814 1096 magistratibus
832 1001 1025 1074 eonsilium
1042 1000 1155 1089 dedit,
1169 1013 1211 1073 ut
1229 1024 1312 1096 quae
1326 1024 1363 1073 se

324 1111 583 1208 suspenderint
599 1113 710 1186 nudae
725 1112 941 1210 penderent.
994 1113 1106 1189 Quod
1122 1137 1206 1186 oum
1223 1114 1363 1186 factum

323 1236 430 1308 esset,
448 1225 591 1299 insania
608 1227 672 1300 illa
687 1226 807 1300 desiit.
855 1227 971 1301 Iidem
989 1239 1111 1300 autem
1129 1227 1247 1300 Graeoi
1265 1227 1363 1300 insa-

321 1338 421 1410 niam
438 1339 654 1436 plerumque
670 1341 915 1414 Eumenidum
932 1339 1008 1414 sive
1025 1341 1217 1413 Furiarum
1234 1364 1363 1435 opera-

322 1451 497 1541 tionibus,
507 1454 566 1526 vel
577 1453 734 1543 Cereris,
741 1454 798 1527 vel
812 1454 952 1542 Phoebi,
963 1454 1189 1550 aliorumque
1200 1455 1363 1527 Deorum

321 1564 581 1639 attribuerunt.
632 1567 793 1640 Tantum
807 1567 904 1640 enim
921 1567 1240 1663 phantasmatibus
1257 1567 1361 1640 attri-

321 1678 503 1751 buebatur
527 1680 716 1769 realitatis‚
739 1691 783 1752 ut
810 1680 981 1752 animalia
1007 1703 1115 1753 aerea
1143 1692 1362 1776 putarentur

320 1804 626 1889 vocarentnrque.
657 1794 814 1866 Romani
828 1794 951 1884 etiam,
966 1805 1003 1867 et
1014 1795 1037 1867 J
1039 1795 1228 1868 udaeorum
1242 1796 1360 1884 multi,

322 1904 455 1978 dehac
478 1930 519 1979 re
542 1931 626 1979 oum
651 1906 788 1980 Graecis
813 1917 1094 1979 consenserunt:
1124 1907 1244 1980 Judaei
1263 1909 1360 1979 enim

321 2019 469 2092 insanos
487 2031 551 2092 aut
567 2019 764 2115 prophetas
782 2042 873 2107 esse,
892 2030 967 2106 aut,
984 2029 1094 2114 prout
1113 2020 1262 2114 spiritus
1279 2018 1360 2092 illos

321 2135 379 2206 vel
394 2135 512 2207 bonos
529 2134 588 2207 vel
604 2135 719 2207 malos
742 2157 821 2207 esse
844 2145 1077 2230 putaverunt,
1092 2133 1357 2208 daemoniaoos:

321 2247 435 2342 aliqui
452 2247 562 2320 etiam
579 2270 706 2319 eorum
730 2247 886 2321 eundem
903 2247 1089 2321 hominem
1107 2258 1144 2319 et
1161 2246 1360 2321 daemonia-

322 2385 406 2433 oum
420 2372 458 2434 et
469 2360 699 2457 prophetam.
752 2358 835 2432 Hoc
849 2361 1025 2434 tamenin
1038 2360 1210 2456 gentibus
1223 2363 1359 2434 miron-

322 2475 410 2548 dum
420 2497 495 2547 non
510 2486 581 2556 est:
600 2474 688 2568 qnia
699 2473 818 2546 morbi
829 2485 869 2547 et
881 2476 1027 2564 sanitas,
1040 2474 1132 2547 vitia
1145 2486 1182 2547 et
1193 2475 1359 2561 virtutes

321 2602 432 2685 atque
449 2585 652 2661 accidentia
667 2589 860 2678 naturalia,
873 2589 920 2661 ab
936 2586 1007 2659 illis
1024 2600 1063 2659 et
1080 2589 1306 2661 vocabantur
1323 2599 1360 2661 et

320 2704 537 2776 colebantur
563 2713 606 2774 ut
636 2701 841 2775 daemones:
877 2700 968 2772 adeo
997 2711 1040 2772 ut
1069 2724 1137 2797 per
1167 2701 1361 2774 damonem

322 2814 561 2912 intelligenda
591 2826 670 2888 erat
699 2836 825 2887 eorum
853 2835 1019 2886 sermone
1047 2837 1123 2886 non
1151 2814 1270 2887 minus
1297 2815 1361 2888 oli·

322 2929 470 3025 quando
486 2927 612 3017 febris
631 2951 739 3022 quam
764 2925 940 2998 diabolus
994 2926 1047 2999 Ut
1068 2938 1191 3000 autem
1209 2929 1261 3000 ita
1278 2952 1360 3000 sen-

321 3042 435 3114 tirent
459 3038 591 3126 Judaei,
619 3039 735 3134 magis
758 3038 966 3111 mirandum
990 3051 1056 3113 est.
1108 3040 1239 3137 Neque
1262 3041 1360 3113 enim

322 3156 447 3228 Moses
474 3174 592 3246 neque
618 3151 847 3224 Abrahomus
875 3153 1078 3249 prophetiis
1102 3155 1177 3226 suis
1201 3165 1358 3250 praeten-

321 3269 432 3342 debat
457 3264 637 3362 spiritum,
664 3264 729 3337 sed
750 3289 879 3338 vocem
903 3267 984 3352 Dei,
1009 3268 1068 3340 vel
1091 3267 1277 3358 visionem,
1300 3268 1359 3339 vel

320 3381 514 3456 somnium.
582 3378 713 3476 Neque
750 3379 789 3451 in
827 3380 908 3476 lege
942 3380 1108 3454 Mosaios
1140 3381 1270 3453 morali
1302 3381 1360 3453 vel

320 3494 555 3570 ceremoniali
578 3493 774 3590 quicquam
794 3505 895 3567 extat
918 3493 1057 3568 faciens
1081 3495 1129 3568 ad
1154 3496 1360 3569 enthusias-

292 3633 433 3682 mum.
488 3607 647 3684 Quando
684 3608 812 3702 (Num.
830 3609 880 3681 xi.
899 3608 965 3702 25)
1001 3633 1024 3681 a
1057 3609 1199 3705 spiritu,
1230 3611 1292 3705 qui
1322 3612 1359 3683 in

323 3724 428 3796 Mose
451 3733 541 3811 erat,
560 3720 749 3795 sustulisse
770 3721 906 3794 dicitur
926 3722 1037 3810 Deus,
1056 3732 1092 3794 et
1117 3721 1260 3795 dedisse
1279 3747 1358 3819 sep

321 3836 491 3932 tuaginta
513 3836 729 3924 senioribus,
747 3859 813 3932 per
839 3834 1016 3931 Spiritum
1039 3835 1109 3908 Dei
1132 3859 1207 3908 non
1228 3836 1360 3908 intelli-

321 3949 422 4044 gitur
444 3973 488 4022 eo
509 3949 590 4022 loco
617 3949 822 4022 substantia
845 3948 914 4021 Dei
926 3979 935 4032 3
966 3971 1052 4021 nam
1069 3971 1114 4021 ea
1130 3948 1358 4022 indivisibilis

323 4076 390 4135 est.
442 4063 511 4135 Per
545 4062 722 4157 Spiritum
756 4061 837 4150 Dei,
873 4059 1074 4156 Soriptnrae
1107 4084 1357 4158 saepenumero

322 4175 531 4271 significant
554 4176 722 4272 spiritum
744 4174 902 4248 hominis
926 4173 1005 4247 Deo
1029 4175 1231 4248 servientis.
1285 4172 1359 4246 Ubi

323 4288 421 4361 enim
445 4289 580 4362 dicitur
609 4288 740 4384 (Exod.
759 4288 880 4362 xxviii.
901 4288 955 4383 3),
981 4313 1087 4386 qoem
1109 4286 1257 4384 implevi
1282 4287 1359 4384 spi·
