2926 4980
353 393 407 444 nu
427 391 619 445 clvrrurn
639 392 906 446 cuursrmun.
1074 379 1147 446 409

115 556 300 631 Christum
317 559 521 654 affirmare,
535 560 711 655 sequitur,
729 560 996 644 Antichristum
1015 560 1148 634 debere
1171 593 1248 642 cap.
1263 591 1347 641 run.

112 695 191 744 esse
208 672 286 744 veri
310 672 444 745 Christi
468 672 624 746 hostem.
675 674 729 745 Ex
755 673 880 747 multis
897 687 1019 747 autem
1038 675 1147 748 Anti·
1185 673 1334 802 m

111 784 267 871 christis,
278 809 373 857 unus
383 785 590 880 praecipuus
601 782 685 858 esti
700 787 927 884 Αντίχριστος.
953 789 1049 877 Jam,
1063 811 1145 860 cnm
1184 808 1336 854 nasama

48 892 50 894 ’
110 897 275 992 pontifex
303 899 489 971 Romanus
514 923 633 994 neque
655 898 845 971 Christum
861 925 903 973 ae
928 925 1009 973 esce
1034 901 1147 990 dicat,

110 1033 229 1106 neque
245 1010 374 1084 Jesnm
391 1036 473 1085 erae
493 1011 682 1085 Christum
694 1023 816 1108 neget,
835 1038 908 1109 quo
922 1038 1031 1088 seusu
1043 1015 1147 1088 Auti-

111 1123 267 1196 christus
299 1124 372 1197 dici
405 1124 521 1219 possit
555 1149 629 1198 non
664 1126 841 1222 intelligo.
911 1128 1007 1200 Nam
1041 1128 1145 1201 Anti·

111 1235 267 1309 christus
293 1261 366 1309 non
386 1248 441 1309 est
467 1239 529 1332 qui
556 1237 691 1310 Christi
716 1238 904 1327 vicarium,
932 1240 996 1312 scd
1026 1240 1146 1336 ipsum

112 1348 295 1422 Christum
322 1373 361 1421 se
386 1372 465 1423 esse
492 1349 592 1423 dicit.
642 1350 833 1445 Temporis
859 1352 980 1441 etiam,
1000 1352 1146 1448 quando

110 1462 357 1535 Antichristus
369 1462 429 1534 hie
441 1463 647 1559 praecipuus
660 1476 835 1535 venturos
853 1477 920 1554 est,
937 1477 1064 1538 notam
1082 1466 1147 1539 ali·

110 1600 231 1671 quam,
249 1575 316 1647 etsi
333 1599 407 1648 non
420 1575 526 1648 valde
543 1576 783 1672 perspicuam,
804 1577 991 1667 habemus
1014 1602 1147 1675 nempe

109 1688 258 1778 (Matth.
277 1688 371 1760 xxiv.
396 1693 542 1783 15-22):
562 1714 641 1761 cam
653 1689 828 1762 videritis
841 1688 1146 1764 abominationem

111 1801 215 1874 illam
238 1802 492 1891 vastatricem,
522 1829 602 1901 qne
632 1802 736 1875 dicta
761 1813 819 1875 eat
846 1827 924 1901 per
948 1803 1146 1877 Danielem

103 1915 344 2012 prophetam,
364 1916 585 2013 positnmin
605 1915 856 1989 locosancto:
883 1929 931 2006 et,
958 1918 1033 1990 erit
1059 1929 1147 1991 tanc

110 2028 266 2120 afflictio
283 2053 433 2126 magna,
451 2029 701 2127 qnaliafocta
719 2030 883 2127 nonfuit
906 2056 930 2102 n
952 2031 1147 2129 principio

111 2140 236 2214 mnndi
252 2139 307 2213 ad
321 2140 389 2212 hoc
405 2166 521 2238 nsque
534 2152 688 2241 tempas,
700 2168 817 2239 neqnc
834 2146 1095 2240 nnqnamfiet5
1109 2154 1148 2218 et

111 2254 185 2326 nisi
217 2254 407 2328 decurtati
435 2254 609 2350 fniaaent
636 2255 717 2328 dica
745 2254 816 2344 illi,
837 2257 989 2353 periret
1026 2259 1143 2330 omnir

112 2390 213 2439 earo.
261 2367 334 2439 Sed
350 2366 500 2441 afflictio
517 2369 579 2441 illa
597 2367 761 2441 noudum
776 2370 886 2442 venit.
940 2371 1148 2466 Sequutura

111 2478 208 2552 enim
222 2479 345 2552 statim
368 2493 423 2552 est
443 2480 649 2554 obscuratio
664 2480 750 2553 solis
767 2481 874 2572 (vers.
893 2491 953 2572 29,
973 2485 1065 2575 30):
1092 2484 1148 2557 Et

110 2591 232 2664 atellae
250 2591 396 2683 cadent,
407 2603 445 2665 et
454 2602 668 2691 potestates
679 2593 851 2667 coelornm
865 2596 1121 2669 concutientur
1133 2624 1148 2680 ;

111 2714 148 2776 et
159 2715 243 2778 tnnc
254 2705 617 2804 apparebitaignnm
629 2705 722 2779 Filii
733 2708 888 2780 hominia
899 2707 938 2779 in
951 2708 1147 2797 coelo,etc,·

110 2827 148 2890 et
173 2817 348 2891 videbant
373 2818 511 2891 Filiam
537 2819 693 2893 bortrinis
719 2821 918 2894 venientem
935 2820 974 2893 in
991 2820 1147 2894 nubibas

111 2954 190 3002 cam
201 2931 376 3028 potentia
395 2941 432 3003 et
447 2932 577 3030 gloria
595 2933 723 3007 malta.
750 2934 923 3007 Nondum
941 2958 1029 3031 ergo
1046 2936 1147 3009 veuit

110 3043 170 3116 ille
188 3044 437 3118 Antichristus
456 3076 466 3128 ;
492 3046 684 3142 pontifices
701 3059 824 3119 autem
845 3047 952 3119 multi
979 3061 1017 3121 et
1038 3072 1146 3122 vene

111 3168 197 3230 runt
225 3170 262 3230 et
292 3158 473 3231 abierunt.
536 3161 758 3233 Potestatem
785 3160 933 3256 quidem
963 3162 1002 3233 in
1029 3160 1145 3234 domi-

110 3272 180 3344 niis
197 3272 325 3344 alienis
352 3271 595 3367 legislativum
613 3274 682 3346 sibi
700 3287 901 3362 assumunt,
928 3284 966 3347 et
990 3299 1144 3370 regnum
1229 3266 1240 3278 ⁸

111 3385 297 3480 quoddam
327 3398 528 3482 usurpant;
564 3386 628 3458 sed
659 3386 696 3458 in
722 3386 792 3458 hoc
825 3386 976 3474 mundo,
1009 3411 1077 3460 uec
1103 3399 1147 3460 ut

114 3499 300 3587 Christos,
328 3498 393 3570 sed
419 3511 461 3572 ut
481 3522 558 3595 pro
587 3498 738 3571 Christo
763 3510 957 3595 usurpaut;
984 3500 1023 3572 id
1048 3500 1146 3596 qaod

110 3611 201 3684 nihil
219 3612 331 3684 habet
348 3611 387 3683 in
406 3611 505 3684 sede
523 3612 763 3686 Antichristo.

162 3725 205 3797 ln
223 3724 317 3796 libro
335 3736 478 3817 quarto,
495 3743 538 3797 ut
554 3725 686 3819 probet
709 3726 920 3821 pontificem
940 3725 1145 3798 Romanum

111 3839 149 3910 in
169 3837 431 3910 controversiis
450 3837 618 3910 omnibus
635 3848 712 3909 turn
726 3838 812 3910 fidei
831 3853 910 3910 tum
927 3862 1069 3910 morum
1088 3862 1146 3910 su·

109 3974 276 4047 premam
304 3972 384 4021 esse
409 3948 583 4045 judicem,
611 3948 709 4042 quod
735 3949 949 4021 tantundem
967 3965 1024 4022 est
1053 3951 1144 4022 acsi

111 4064 214 4136 illum
232 4061 524 4136 Christianorum
553 4061 715 4134 omnium
743 4063 978 4135 monarcham
1000 4064 1144 4136 absolu-

111 4177 288 4249 tissimum
309 4173 571 4263 essedixisset‚
591 4187 665 4246 tres
687 4174 837 4247 adducit
862 4176 1143 4271 propositiones.

112 4291 281 4377 Primam,
305 4288 443 4384 judicia
459 4289 537 4382 ejus
569 4287 772 4360 infallibilia
795 4313 896 4361 esse:
934 4288 1144 4378 secandam,
