2926 4980
364 397 419 450 nn
439 396 635 449 crvrmrn
655 395 921 449 onarsrmua
1090 380 1163 447 393

122 565 226 660 cujus
259 564 548 660 vicemgerentes
583 575 689 636 erant
723 564 847 636 Moses
883 573 921 636 et
955 561 1164 636 sacerdotes
1186 597 1264 646 epp,
1277 595 1363 646 xm,

123 676 267 763 summi,
303 677 377 751 suis
413 678 548 774 singuli
582 677 821 772 temporibus,
848 678 909 773 jus
939 675 1165 750 decimarum
1202 675 1352 787 m

122 790 421 886 oblationemque
438 791 691 864 habendarum
708 815 731 864 a
747 801 930 888 potestate
956 790 1054 864 civili
1079 813 1164 885 pro·
1201 757 1355 854 solidassem

122 902 261 977 fectum
285 928 375 993 esse,
394 904 630 978 manifestum
648 916 714 977 est.

173 1018 314 1091 Deinde
342 1019 388 1091 de
422 1019 604 1091 alimentis
631 1018 767 1092 Christi
802 1019 1064 1115 apostolorum,
1093 1019 1165 1092 hoc

122 1142 267 1203 tantum
281 1131 450 1227 legimus
468 1154 594 1226 peram
610 1131 795 1221 habuisse,
810 1156 920 1227 quam
931 1130 1047 1203 Judas
1065 1131 1164 1204 Isca-

123 1245 220 1317 riota
244 1246 444 1340 portabat;
482 1245 666 1340 apostolos
692 1257 828 1334 autem,
855 1245 918 1339 qui
948 1255 1067 1316 artem
1100 1245 1165 1317 ha-

122 1357 295 1447 buerunt,
315 1358 414 1431 illam
432 1359 650 1432 exercuisse.
698 1358 820 1431 Etiam
838 1360 1011 1431 Servator
1028 1371 1165 1446 noster,

124 1495 208 1543 cum
243 1471 438 1544 duodecim
473 1472 657 1567 apostolos
691 1470 955 1566 praedicaturos
988 1472 1166 1561 mitteret,

123 1610 339 1681 comparare
368 1610 499 1658 aurum
526 1598 564 1657 et
589 1595 784 1680 argentum
808 1586 927 1659 vetuit
958 1585 1110 1679 (Matth.
1129 1609 1165 1658 x.

123 1708 160 1786 9,
177 1702 252 1793 10),
264 1723 308 1772 eo
327 1699 426 1794 quod
440 1698 627 1793 operarius
645 1698 777 1794 dignus
788 1712 885 1771 esset
898 1699 1073 1771 alimento
1087 1722 1164 1771 suo.

123 1814 179 1885 Ex
197 1837 269 1908 quo
284 1811 480 1884 verisimile
498 1823 566 1901 est,
580 1811 734 1907 parandi
753 1812 928 1886 alimenta
941 1813 1037 1884 viam
1053 1812 1166 1885 fuisse

124 1926 196 1999 illis
222 1924 387 1997 missioni
417 1948 492 1997 suae
517 1948 729 2020 congruam,
758 1948 901 2020 nempe,
924 1924 1039 2020 gratis
1065 1924 1164 2015 dare,

125 2039 211 2134 quia
224 2038 339 2134 gratis
357 2050 587 2132 acceperant.
641 2038 948 2110 sustentabantur
966 2037 1064 2109 enim
1082 2061 1166 2132 par-

124 2154 190 2225 tim
216 2151 473 2224 benevolentia
498 2150 672 2238 fidelium,
699 2162 896 2246 propterea
914 2149 1014 2246 quod
1030 2149 1167 2223 adven-

125 2275 204 2337 tum
230 2264 375 2336 Messiae
393 2262 655 2335 annuntiarent
671 2293 680 2345 ;
706 2263 840 2357 partim
859 2262 970 2335 etiam
988 2286 1010 2334 a
1027 2261 1166 2334 contri-

125 2377 337 2450 butionibus
367 2400 494 2448 eorum
523 2399 613 2470 quos
642 2376 815 2448 Servator
831 2386 957 2448 noster
981 2399 1005 2447 a
1028 2374 1167 2448 morbis

126 2490 343 2563 liberaverat
363 2522 372 2574 ;
400 2489 592 2586 exquibus
609 2489 846 2563 nominantur
863 2490 966 2582 (Luc.
984 2489 1059 2561 viii.
1078 2498 1115 2577 2,
1130 2491 1168 2583 3)

124 2604 299 2677 mulieres
317 2604 499 2700 precedant,
518 2626 614 2699 quus
629 2614 834 2675 sacraverat
847 2628 871 2675 a
889 2602 1090 2701 spiritibus
1100 2602 1167 2674 im-

120 2718 256 2814 probis
288 2728 325 2790 et
360 2716 507 2804 nsorbe's,
535 2741 662 2813 nernpe
689 2716 824 2789 Maria
851 2742 935 2813 pace
962 2716 1167 2790 vocabatur

125 2830 373 2927 Magdalene,
392 2854 439 2901 ea
457 2853 532 2925 qua
550 2838 692 2927 septem
713 2829 891 2903 damonia
917 2831 1102 2918 coierant,
1128 2839 1167 2902 et

126 2943 301 3016 sosanna
328 2966 424 3014 asor
462 2941 592 3014 Chusce
615 2942 885 3040 procuratoris
919 2941 1102 3033 Herodis,
1129 2952 1167 3015 et

127 3054 310 3143 Susanna,
323 3065 360 3127 et
379 3054 467 3127 elice
482 3053 614 3142 inulte,
627 3079 709 3150 quce
722 3054 987 3128 ministrabant
1001 3056 1037 3127 ei
1053 3081 1100 3128 ee
1118 3056 1167 3129 iis

127 3167 298 3264 quesibi
314 3166 578 3265 suppetebant.

177 3283 264 3354 Post
281 3280 485 3354 Servatoris
511 3303 713 3364 ascensum,
732 3278 929 3352 Christiani
947 3280 985 3352 in
1002 3304 1167 3377 unaqua-

127 3419 198 3489 que
216 3395 365 3467 civitate
378 3393 422 3465 de
439 3392 609 3488 pecuniis
624 3391 818 3464 alebantur
837 3392 1103 3483 communibus,
1122 3419 1167 3467 ex

126 3507 338 3580 venditione
351 3529 524 3601 agrorum
542 3528 692 3577 suorum
702 3528 899 3601 rerumque
911 3504 1064 3578 aliarum
1079 3531 1166 3580 con-

126 3620 242 3704 fectis
262 3619 475 3714 collatisque
494 3618 542 3691 ad
567 3617 680 3714 pedes
703 3617 975 3714 apostolorum;
1002 3619 1168 3694 volunta·

127 3735 192 3823 rie,
221 3759 295 3807 non
324 3757 369 3804 ex
396 3731 533 3804 debito
600 3731 702 3805 Dixit
728 3732 826 3804 enim
856 3733 1011 3805 Ananiae
1038 3733 1167 3808 Petrus

130 3849 230 3940 (Act.
249 3874 281 3919 v.
301 3849 366 3939 4):
394 3844 538 3934 Nonne,
556 3846 591 3917 si
604 3869 797 3918 servasses
816 3871 951 3944 agrum
969 3856 1079 3936 tuum,
1091 3873 1168 3920 ma-

127 3962 239 4033 nebat
257 3960 338 4049 tibi,
351 3969 388 4032 et
405 3959 575 4031 venditus
588 3983 705 4031 rsonae
717 3959 754 4031 in
766 3968 830 4031 tua
844 3969 930 4030 erat
939 3967 1168 4057 potestate?

128 4075 281 4148 Constat
304 4086 429 4146 autem
457 4071 543 4144 inde
571 4072 737 4160 Ananiae,
763 4083 805 4143 ut
831 4096 961 4167 agrum
980 4097 1085 4146 suum
1104 4092 1169 4148 aut

127 4189 320 4284 pecuniam
338 4185 525 4273 retineret,
544 4208 711 4257 necessse
734 4207 809 4256 non
835 4184 946 4258 fuisse
972 4197 1013 4258 ut
1039 4189 1168 4262 menti-

127 4315 253 4384 retur3
281 4313 322 4374 ut
349 4298 411 4395 qui
438 4299 483 4370 ad
517 4298 826 4372 contributionem
858 4299 996 4372 nullam
1025 4312 1168 4374 tenere-
