2926 4980
508 301 561 354 nn
583 301 790 354 crvrrarn.
1100 286 1169 352 139

120 465 228 564 gicis,
246 467 377 562 quibus
396 480 522 541 tamen
538 469 722 565 populns
714 479 767 541 ita
792 492 890 541 nnnc
915 466 1054 564 dejure
1067 467 1170 563 regio

122 581 293 654 eruditus
310 596 375 670 est,
389 595 434 654 nt
449 583 488 654 in
502 582 636 678 Anglia
652 583 774 678 pauci,
785 595 889 678 puto,
907 605 1006 654 nnnc
1020 581 1094 653 sint
1108 580 1218 686 qni

1184 500 1261 551 ΟΛΡ.
1276 500 1310 549 Xl

1184 642 1310 701 omnin

120 695 207 791 jura
222 693 404 790 praediata
432 694 689 790 inseparabilia
716 717 796 767 esse
827 716 903 767 non
930 692 1105 777 videant;
1132 704 1171 763 et
1182 709 1310 765 benum

124 807 274 904 publice
303 808 464 904 agnituri
494 808 581 896 sint,
599 807 708 880 simul
734 818 846 903 atque
862 806 1016 880 redierit
1031 830 1116 903 pax,
1133 778 1250 882 etifru'm

126 920 306 1016 quamdiu
327 921 580 994 calamitatum
604 922 873 1018 praeteritarum
907 921 1171 1005 meminerint,

126 1034 193 1107 sed
211 1058 289 1108 non
303 1033 451 1124 diutins,
466 1036 537 1108 nisi
553 1035 684 1108 malins
697 1034 885 1107 erudiatur
901 1034 1070 1131 populna.

178 1149 365 1223 Quoniam
389 1161 513 1220 antem
536 1150 621 1244 jura
646 1149 725 1221 haec
753 1171 905 1220 snmmae
921 1146 1098 1244 potestati
1115 1169 1171 1219 es-

128 1262 300 1335 sentialia
312 1273 354 1333 et
370 1261 629 1358 inseparabilia
653 1271 751 1349 sunt,
771 1262 948 1356 seqnitur,
964 1271 1008 1333 nt
1024 1260 1172 1356 quibus-

128 1397 277 1471 cunque
298 1375 422 1446 verbis
450 1376 610 1471 separari
636 1387 675 1447 et
698 1375 778 1448 aliis
793 1373 947 1448 concedi
964 1373 1171 1460 videantur,

127 1489 200 1560 nisi
216 1488 393 1584 potestati
409 1512 561 1562 snmmae
578 1489 687 1561 simul
713 1502 751 1561 et
776 1488 956 1585 expressis
973 1487 1095 1560 verbis
1114 1511 1172 1559 re-

126 1603 345 1675 nunciatum
360 1603 420 1692 sit,
439 1604 712 1677 concessionem
730 1602 867 1675 nnllam
882 1624 982 1684 esse;
1001 1601 1066 1674 sed
1083 1625 1171 1674 con-

127 1737 233 1786 cessa
245 1715 380 1802 omnia,
398 1739 540 1788 summa
555 1726 751 1812 potestate,
771 1715 894 1803 idest,
911 1737 1069 1810 persona
1085 1714 1174 1786 civi-

128 1828 218 1899 tatis
234 1839 393 1911 retenta,
411 1828 701 1924 inseparabiliter
718 1827 850 1902 redire.

1220 838 1308 882 cwilalo

1181 904 1310 948 institution<

181 1939 273 2012 Cum
291 1963 381 2036 ergo
400 1941 604 2013 authoritas
622 1942 702 2014 haec
720 1941 850 2037 ingens
868 1939 1098 2013 indivisibilis
1116 1939 1175 2028 sit,
1238 1964 1240 1969 ·

129 2064 167 2126 et
185 2054 335 2126 habenti
363 2077 541 2126 summam
566 2064 788 2150 potestatem
805 2053 1097 2150 inseparabiliter
1113 2053 1176 2126 ad·
1303 2089 1309 2099 ’

130 2167 285 2256 haereat,
305 2168 387 2262 quis
404 2169 505 2240 color
522 2169 678 2240 inveniri
695 2178 817 2263 potest
838 2166 1002 2263 opinioni
1018 2166 1176 2256 illorum,

137 2281 203 2374 qni
216 2280 344 2353 dicunt
354 2280 400 2352 de
412 2281 559 2376 regibus
574 2281 733 2353 civitatis
748 2305 940 2377 personam
952 2279 1176 2376 gerentibus,

135 2393 235 2490 qnod
249 2394 325 2466 eta-i
342 2393 506 2491 singulis
523 2395 697 2489 majores,
716 2394 902 2466 universis
925 2402 1047 2466 tamea
1064 2393 1177 2465 mino-

134 2530 200 2578 res
223 2511 345 2579 suat?
398 2507 494 2580 Nam
513 2509 543 2580 si
561 2532 627 2603 per
644 2509 836 2581 universos
854 2507 1065 2603 intelligunt
1090 2506 1178 2578 civi-

136 2619 222 2692 tatis
246 2642 454 2714 personam,
472 2621 592 2716 ipsnm
618 2621 830 2715 intelligunt
857 2643 994 2716 regem.
1047 2620 1177 2716 Itaque

136 2756 200 2804 rex
226 2732 347 2827 seipso
376 2733 498 2805 minor
525 2734 618 2814 erit;
645 2733 745 2828 qnod
770 2745 828 2805 est
850 2731 1060 2805 absurdum.
1113 2733 1178 2805 Sin

137 2866 204 2938 per
236 2843 429 2915 universos
462 2845 734 2918 multitudinem
768 2844 980 2940 intelligunt
1007 2845 1177 2934 solutam,

139 2957 301 3052 singulos
327 2956 546 3053 intelligunt.
618 2957 747 3053 ltaque
773 2982 849 3046 rex,
878 2959 942 3053 qui
967 2960 1084 3054 major
1104 2959 1178 3030 sin-

139 3069 229 3165 gulis
247 3082 314 3158 est,
329 3073 448 3167 major
465 3095 611 3167 quoqne
626 3071 696 3144 erit
708 3072 908 3154 universis;
935 3071 1033 3167 qnod
1045 3072 1179 3144 iterum

140 3195 194 3255 est
210 3184 423 3256 absurdum.
477 3186 520 3257 In
547 3186 694 3258 civitate
720 3197 856 3273 autem,
874 3184 938 3256 ubi
956 3207 1098 3256 summa
1113 3208 1178 3279 po-

140 3307 250 3370 testas
274 3298 385 3370 estin
404 3309 502 3371 coetn
521 3299 701 3395 populari,
723 3299 883 3371 absurda
900 3299 978 3371 haec
992 3320 1072 3371 esse
1090 3297 1179 3370 satis

140 3409 285 3492 vident;
312 3411 350 3482 in
367 3410 581 3484 monarchia
596 3435 671 3484 non
685 3411 821 3500 vident,
836 3435 1046 3507 quanquam
1056 3421 1179 3506 potes·

140 3533 194 3594 tas
212 3546 365 3610 summa,
382 3523 591 3619 ubicunqne
609 3523 823 3610 collocatur,
842 3523 969 3597 eadem
987 3535 1054 3597 est.

190 3634 296 3707 Sicut
322 3647 446 3708 antem
464 3649 628 3731 potestas
651 3660 795 3710 summa
812 3637 901 3710 civis
930 3639 1181 3733 cujuscunque

140 3759 320 3843 potestate
331 3749 449 3844 major
460 3762 528 3837 est,
540 3750 593 3821 ita
606 3762 644 3821 et
657 3750 777 3822 honor
791 3750 859 3845 ipsi
871 3750 1015 3823 debitus
1029 3750 1181 3838 honore,

142 3861 204 3955 qni
216 3861 372 3933 debetur
383 3863 588 3958 cuicunque
599 3875 635 3935 et
648 3876 886 3959 quotcunque
899 3864 1049 3951 civibus,
1063 3865 1182 3958 major

142 3987 207 4047 est.
260 3975 335 4048 Qui
353 3987 576 4070 potestatem
593 3977 704 4047 habet
730 4000 922 4066 summam,
940 3978 1123 4048 honorum
1144 3988 1183 4048 et

143 4088 362 4182 dignitatum
390 4090 552 4161 omnium
569 4089 652 4161 fons
677 4100 757 4172 est;
784 4101 822 4161 et
847 4091 942 4162 sicut
967 4112 1091 4160 coram
1117 4088 1182 4160 do-

142 4200 239 4272 mino
256 4201 403 4274 familiae
422 4204 515 4275 servi
537 4203 675 4299 filiique
693 4228 817 4275 omncs
843 4204 940 4275 inter
956 4225 995 4274 se
1013 4201 1182 4297 aeqnales,
