2926 4980
364 384 418 436 nn
438 383 581 435 naono
600 382 903 436 rnnnnnanuu.
1082 366 1152 433 505

116 552 171 625 usi
202 562 299 639 sunt,
331 550 471 624 animos
502 550 754 647 imperitorum
789 547 1085 620 Christianorum
1115 545 1154 618 in
1167 573 1365 625 cnnxnvn.

117 688 222 761 reges
239 688 322 737 suos
339 688 455 760 usque
473 664 521 736 ad
537 687 664 736 necem
681 661 878 759 aliquando
896 670 1044 734 acuunt.
1182 655 1338 774 „W

167 779 236 851 Per
264 776 468 849 doctrinam
493 776 707 873 purgatorii,
733 786 772 847 et
793 773 1065 869 justificationis
1089 795 1155 870 per
1182 782 1331 890 mim

119 915 230 988 opera
258 902 421 979 externa,
453 904 491 963 et
518 889 838 986 indulgentiarum,
863 887 997 977 clerici,
1024 886 1063 958 id
1086 897 1154 974 est,
1182 910 1358 956 mannum.

117 1003 465 1102 pontificisRomani
478 1002 779 1096 subditi,sumptu
791 1023 919 1095 regum
928 1000 1154 1073 nutriuntur.

170 1119 238 1189 Per
264 1117 483 1189 exorcismos
511 1128 549 1189 et
575 1125 745 1188 caeteram
767 1112 1073 1211 daemonologiam
1090 1136 1156 1210 po·

119 1230 224 1326 pulos
242 1240 394 1301 terrent.

163 1344 362 1430 Postremo,
376 1365 442 1437 per
456 1341 639 1414 doctrinas
653 1341 842 1428 humanas,
856 1338 1154 1436 metaphysicam,

121 1454 291 1542 ethicam,
318 1465 356 1525 et
372 1454 560 1550 politicam
577 1453 796 1541 Aristotelis
814 1477 880 1549 per
902 1452 1156 1526 distinctiones

120 1567 279 1656 frivolas,
303 1591 506 1640 sermonem
534 1567 742 1656 obscurum,
773 1578 810 1638 et
835 1591 943 1640 voces
971 1566 1155 1655 barbaras,

120 1683 291 1754 tenebras
313 1682 390 1776 jam
414 1680 583 1752 inductas
607 1680 767 1753 reddunt
790 1681 990 1776 spissiores
1008 1691 1046 1752 et
1071 1679 1157 1775 ipsis

121 1796 359 1891 principibus.
378 1794 525 1890 quando
543 1793 683 1880 volunt,
698 1792 907 1888 palpabiles.
959 1793 1158 1889 Palparnnt

121 1919 243 1979 autem
261 1907 369 2003 primi
386 1905 569 1993 Germani,
588 1904 719 1978 deinde
736 1904 860 2001 Angli.

172 2021 370 2113 Postquam
387 2019 485 2090 enim
503 2016 746 2089 communiter
762 2016 943 2090 creditum
957 2028 1064 2106 esset,
1074 2041 1159 2089 ean-

123 2132 205 2204 dem
232 2155 311 2203 esse
337 2142 558 2226 potestatem
585 2131 693 2224 Papae
717 2130 756 2201 in
778 2130 913 2226 populo
938 2130 1157 2219 Christiano,

124 2268 232 2340 quam
250 2243 457 2315 habuerunt
474 2243 598 2314 Aaron
615 2253 653 2314 et
670 2243 794 2314 caeteri
804 2242 1011 2315 sacerdotes
1027 2242 1159 2316 summi

123 2357 162 2427 in
185 2355 320 2451 populo
342 2353 554 2441 Israelitico,
572 2353 723 2426 ambitio
750 2353 795 2426 de
820 2355 1069 2428 functionibus
1099 2379 1160 2428 ec-

123 2468 346 2556 clesiasticis
387 2467 570 2563 praecipue
608 2467 653 2539 de
685 2479 834 2564 papatu,
869 2468 1087 2556 obtinendis
1121 2479 1160 2540 et

124 2606 252 2655 eorum
281 2580 344 2676 qui
372 2580 609 2653 obtinuerunt
633 2580 763 2669 fastus,
790 2604 950 2676 eousque
983 2581 1160 2678 paulatim

124 2695 239 2768 crevit
264 2707 302 2766 et
326 2694 543 2789 conspicuus
561 2693 678 2766 factus
696 2706 763 2782 est,
781 2703 823 2766 ut
848 2718 994 2766 omnem
1011 2694 1087 2767 fere
1105 2695 1160 2767 sui

124 2808 364 2881 reverentiam
380 2831 503 2881 veram
530 2818 568 2879 et
593 2807 768 2903 pastorali
793 2807 975 2881 functioni
1000 2807 1161 2882 debitam

123 2922 362 3018 perdiderint.

174 3036 271 3108 Nam
296 3058 417 3130 aquo
451 3045 615 3130 tempore
649 3035 840 3131 episeopus
875 3036 1060 3107 Romanus
1092 3059 1162 3131 pro

125 3149 295 3246 episcopo
326 3147 522 3219 universali
548 3147 693 3219 habitus
719 3158 825 3234 esset,
851 3147 1057 3221 hierarchia
1086 3149 1161 3221 Ro-

124 3287 233 3335 mana
258 3286 332 3333 non
356 3261 478 3355 inepte
504 3258 706 3355 comparari
723 3259 845 3355 potuit
861 3259 1005 3351 fabulae,
1023 3285 1105 3357 quae
1122 3262 1161 3334 in

126 3373 260 3470 Anglia
286 3373 384 3446 inter
411 3374 581 3445 mulieres
599 3371 751 3462 vetulae,
769 3396 914 3469 pueros
934 3384 970 3446 et
992 3375 1090 3447 viros
1116 3399 1162 3448 ex

124 3487 230 3581 plebe
257 3484 422 3558 rudiores
449 3485 728 3581 pervagabatur,
747 3484 792 3556 de
811 3483 1021 3576 lemuribus,
1039 3487 1078 3559 id
1095 3498 1162 3577 est,

126 3598 171 3671 de
201 3598 340 3671 umbris
361 3599 435 3670 sive
463 3598 629 3694 spectriS,
647 3608 685 3670 et
711 3599 902 3671 nocturnis
926 3623 1052 3673 eorum
1072 3601 1162 3675 faci-

126 3712 286 3784 notibus.

177 3824 432 3921 Cogitantibus
450 3823 546 3895 enim
561 3823 712 3896 dominii
729 3824 822 3897 tanti
840 3824 1075 3898 ecelesiastici
1092 3827 1163 3899 ori·

126 3939 262 4035 ginem,
274 3937 363 4033 quid
379 3936 479 4010 aliud
495 3937 611 4009 videri
627 3937 749 4033 potuit
761 3949 915 4034 papatus
931 3939 1002 4011 nisi
1019 3939 1163 4034 imperii

127 4051 222 4124 illius
240 4049 397 4122 Romani
414 4049 572 4144 ingentis
602 4049 730 4144 ingens
756 4062 950 4146 spectrum,
969 4051 1162 4148 sepulchro

127 4164 270 4260 imperii
287 4161 449 4234 defuncti
466 4174 684 4234 coronatum
700 4161 885 4236 insidens?

180 4277 302 4350 Etiam
330 4299 460 4361 sermo,
480 4299 552 4371 quo
569 4287 725 4350 utuntur
741 4276 780 4350 in
798 4278 899 4351 cultu
917 4277 986 4350 Dei
1003 4278 1163 4374 publico,
