2926 4980
517 340 573 392 nn
593 339 777 392 noman.
1120 329 1168 416 23

120 507 271 602 possint
296 508 389 580 alter
419 507 527 581 alteri
556 507 645 604 quid
679 507 893 604 concipiunt
927 518 964 579 et
998 506 1044 580 de
1077 531 1168 580 una-

122 646 274 718 quaque
296 645 335 694 re
361 623 540 718 cogitant,
567 621 726 717 quidque
752 623 864 695 etiam
895 621 1061 717 cupiunt,
1092 646 1168 694 me-

123 735 569 831 tuunt,&c.,significare.
599 734 752 829 Propter
762 735 860 807 hunc
870 758 978 807 usum
988 746 1168 806 vocantur

122 848 252 944 signa.
307 848 405 920 Usus
434 848 614 920 sermonis
641 847 817 942 speciales
842 859 928 921 sunt
953 848 1004 934 hi,
1034 847 1166 942 primo,

123 984 216 1055 quas
231 961 430 1057 cogitando
442 985 565 1034 rerum
575 961 846 1056 praeteritarum
858 961 917 1034 vel
929 961 1168 1056 praesentium

123 1098 253 1147 causas
272 1098 353 1148 esse
370 1075 589 1171 reperimus,
600 1074 656 1146 vel
673 1098 755 1169 quae
768 1098 791 1146 a
803 1074 912 1146 rebus
926 1074 1168 1169 praesentibus

123 1187 182 1258 vel
199 1189 401 1284 praeteritis
417 1186 574 1284 produci
590 1197 758 1283 possunt,
783 1187 1014 1260 conscribere
1028 1218 1037 1271 ;
1063 1211 1168 1259 nam-

123 1325 196 1397 que
215 1302 303 1375 hinc
320 1302 491 1376 oriuntur
507 1314 617 1374 artes.
671 1300 854 1392 Secundo,
872 1311 915 1374 ut
932 1300 1168 1374 ostendamus

122 1417 205 1489 aliis
229 1415 422 1489 scientiam
445 1439 469 1486 a
492 1413 597 1486 nobis
623 1413 852 1508 acquisitam,
879 1413 1103 1487 consulendo
1129 1429 1168 1489 et

122 1529 306 1603 docendo.
357 1528 497 1616 Tertio,
512 1538 553 1599 ut
569 1525 831 1622 patefaciamus
845 1527 906 1600 alii
920 1527 1001 1600 aliis
1014 1528 1168 1601 consilia

123 1658 163 1715 et
179 1644 392 1718 voluntates
409 1652 565 1728 nostras,
576 1664 649 1735 quo
663 1651 791 1712 mutuo
802 1641 982 1736 possimus
996 1641 1088 1713 alius
1105 1641 1167 1714 alii

122 1757 303 1830 auxiliari.
359 1757 516 1844 Quarto,
543 1777 710 1827 sermone
736 1753 935 1850 aliquando
965 1754 1022 1827 uti
1038 1779 1168 1851 possu-

124 1895 207 1942 mus
221 1870 270 1942 ad
287 1868 571 1942 delectationem
587 1868 645 1940 vel
663 1880 921 1942 ornamentum
938 1872 1167 1945 innocenter.

177 1983 248 2055 His
264 1984 393 2056 usibus
411 1982 636 2078 respondent
653 1982 808 2055 totidem
827 1985 972 2057 abusus.
1026 1986 1168 2060 Primus

123 2108 193 2185 est,
225 2096 375 2192 qnando
404 2096 571 2169 homines
607 2097 850 2192 cogitationes
884 2121 981 2188 suas,
1015 2113 1168 2195 propter

123 2210 413 2283 inconstantiam
456 2210 734 2305 significationis
768 2212 966 2284 verborum
1006 2236 1168 2303 suorum,

122 2349 319 2425 perperam
350 2322 612 2406 conscribunt;
646 2335 689 2396 ut
719 2324 867 2420 quando
901 2349 969 2421 pro
1004 2327 1167 2422 cogitato

124 2452 270 2535 ponunt
301 2437 341 2511 id
370 2437 469 2533 quod
494 2462 569 2510 non
593 2437 784 2532 cogitant;
811 2450 923 2533 atque
949 2439 1001 2511 ita
1029 2441 1168 2535 seipsos

124 2554 270 2626 fallunt.
324 2549 516 2624 Secundus
530 2562 598 2639 est,
618 2550 763 2646 quaudo
781 2551 903 2623 verbis
920 2562 1076 2623 utuntur
1092 2576 1168 2624 me-

126 2665 340 2760 taphoricis,
355 2664 394 2737 id
409 2675 475 2752 est,
487 2664 559 2735 alio
574 2687 684 2736 seusu
697 2688 806 2759 quam
819 2663 867 2736 ad
881 2688 989 2759 quem
1000 2664 1171 2738 ordinata

127 2789 236 2861 sunt;
263 2789 375 2872 atque
398 2779 451 2850 ita
474 2777 662 2873 decipiunt
688 2778 789 2850 alios,
840 2763 997 2867 Tertius,
1022 2779 1169 2874 quando

127 2893 357 2965 voluntatem
374 2916 479 2964 suam
506 2915 588 2963 eam
607 2915 684 2964 esse
712 2891 902 2964 declarant
925 2892 1059 2982 verbiS,
1086 2919 1169 2990 quae

127 3029 340 3077 reverauon
360 3015 429 3075 est.
483 3003 659 3093 Quartae,
675 3003 824 3099 quando
835 3028 1002 3077 sermone
1014 3018 1170 3080 utuntur

127 3117 398 3191 adlaedendum
407 3117 629 3212 proximum.
673 3118 817 3190 Caetera
830 3118 1003 3192 animalia
1013 3121 1170 3193 armavit

128 3244 264 3305 natura
296 3231 369 3304 alia
409 3230 591 3319 dentibus
629 3230 702 3303 alia
741 3225 940 3315 cornibus;
983 3233 1170 3306 hominem

128 3357 253 3419 autem
270 3344 450 3427 manibus,
468 3354 510 3415 ut
523 3343 670 3439 quando
683 3368 775 3439 opus
788 3354 845 3416 est
862 3344 1000 3417 laedant
1013 3345 1169 3418 hostem.

129 3458 205 3533 Sed
221 3458 349 3553 lingua
365 3456 498 3529 laedere
516 3456 695 3529 sermonis
708 3457 842 3529 abusus
857 3468 925 3546 est,
937 3456 1008 3529 nisi
1024 3457 1171 3552 quando

128 3572 291 3668 aliquem
317 3594 445 3666 regere
473 3571 689 3666 obligamur.
744 3569 785 3641 Id
812 3594 900 3642 vero
929 3569 1071 3642 laedere
1096 3594 1172 3644 non

128 3697 195 3774 est,
215 3685 282 3759 sed
300 3684 485 3780 corrigere
504 3695 542 3756 et
559 3684 766 3756 emendare.

180 3799 319 3872 Modus
337 3822 410 3893 quo
427 3821 546 3870 sermo
564 3798 716 3870 inservit
736 3796 923 3869 memoriae
945 3819 1172 3891 consequen-

126 3914 279 4000 tiarum,
303 3911 469 3984 consistit
495 3912 533 3984 in
559 3912 749 3984 nominum
774 3910 1006 4006 impositione
1030 3922 1067 3982 et
1084 3935 1173 3983 con-

128 4027 303 4102 nexione.

178 4137 379 4213 Nominum
409 4139 481 4212 alia
506 4150 591 4212 sunt
616 4138 796 4237 propria,
823 4137 1068 4234 significantia
1094 4162 1172 4210 rem

1206 545 1285 595 CAP.
1296 546 1344 597 1v.

1208 627 1351 661 *νυ

1202 685 1236 728 De
1246 698 1349 729 sermone.
