2926 4980
321 313 392 377 554
556 324 775 379 Arrnnnrx
793 326 850 378 AD
870 326 1127 379 numerurm

142 526 219 576 cip,
233 528 270 576 ιι,
319 495 449 590 aliquis
466 494 674 590 puniendus
697 495 757 582 sit,
774 496 941 592 iniquum
960 509 1027 570 est.
1078 494 1295 593 AEquumne
1316 503 1381 568 est

135 607 279 714 ᾗ
318 621 362 683 ut
377 609 537 682 hominis
553 609 630 683 vito
645 608 800 705 argutiis
816 622 965 705 petatur
990 601 1349 705 consequentiarum
1364 638 1376 692 ;

319 721 378 795 vel
395 722 433 794 in
451 721 757 811 adversariorum,
774 734 841 796 aut
867 723 979 796 etiam
1005 722 1140 820 judicis
1167 721 1309 818 peritia
1331 720 1378 793 in

319 847 400 908 arte
417 835 537 932 logice
552 833 806 932 periclitetur?
857 836 918 908 An
934 835 1006 923 lex,
1024 859 1107 931 quae
1128 834 1221 908 nihil
1248 834 1378 930 exigit

319 960 457 1045 praeter
474 948 733 1038 obedientiam,
744 947 944 1021 ulciscetur
961 946 1274 1044 paralogismum?
1303 947 1376 1021 Pa-

320 1074 396 1135 tres
413 1062 484 1159 ipsi
500 1063 540 1136 in
552 1061 717 1135 Concilio
728 1061 870 1135 Niceno
885 1061 992 1133 aliter
1005 1072 1240 1135 censuerunt.
1268 1061 1374 1134 Cum

320 1176 419 1249 enim
436 1188 559 1249 esseut
575 1174 673 1248 inter
689 1174 771 1248 illos
783 1173 907 1270 aliqui,
918 1174 984 1246 sed
999 1173 1119 1270 pauci,
1133 1173 1196 1269 qui
1212 1183 1374 1269 propter

319 1313 449 1362 vocem
472 1301 611 1378 epotam,
635 1288 864 1362 subscribere
891 1287 1056 1384 symbolo
1082 1286 1311 1376 dubitarent,
1330 1299 1372 1361 et

321 1402 604 1499 explicationem
620 1401 718 1475 illius
735 1401 836 1475 vocis
851 1399 1054 1497 pleniorem
1073 1410 1296 1497 poscerent;
1324 1402 1371 1475 il-

319 1515 365 1588 lis
393 1538 535 1588 morem
562 1527 733 1612 gerentes
761 1516 887 1588 Patres
914 1515 1050 1604 caeteri,
1078 1537 1207 1588 vocem
1234 1527 1370 1605 ὀμοὺσων

320 1628 375 1701 ita
391 1629 666 1725 intelligendam
683 1652 762 1703 esse
781 1628 1026 1717 declararunt,
1039 1643 1081 1701 ut
1098 1627 1211 1701 llilius
1229 1626 1302 1700 Dei
1322 1651 1371 1701 ex

320 1743 525 1817 substantia
540 1743 690 1841 quidem
717 1743 836 1817 Petris
866 1753 972 1832 esset,
990 1756 1033 1815 ut
1056 1765 1133 1815 non
1156 1753 1285 1815 tamen
1310 1765 1370 1814 es-

320 1864 380 1929 set
396 1855 516 1930 Patris
532 1881 629 1953 pars.
672 1858 728 1930 Ex
753 1857 825 1930 illis
849 1855 912 1952 qui
930 1855 1212 1953 explicationem
1228 1854 1329 1928 hano
1346 1880 1371 1928 a

320 1970 491 2043 Patribus
519 1970 821 2067 impetraverunt,
852 1980 933 2042 erat
962 1969 1140 2042 Eusebius
1171 1969 1368 2065 episcopus

320 2083 577 2168 Caesarieusi83
604 2082 775 2178 idemque
796 2081 844 2156 ad
867 2082 1005 2156 clerum
1031 2106 1097 2180 per
1122 2106 1250 2156 omnes
1274 2081 1365 2156 dioe-

319 2221 421 2270 ceses
448 2196 640 2293 epistolam
667 2197 827 2292 scripsit,
845 2219 928 2292 quae
944 2208 1099 2270 vocatur
1117 2196 1279 2292 epistola
1295 2197 1366 2270 cir-

318 2310 464 2399 cularis,
483 2310 522 2382 in
548 2334 621 2406 qua
646 2311 821 2383 certiores
843 2309 945 2399 facit,
964 2309 1053 2405 quid
1076 2309 1268 2407 decretum
1286 2323 1370 2383 erat

317 2423 357 2494 in
381 2422 522 2519 synodo
548 2422 594 2496 de
613 2422 687 2496 fide
707 2424 807 2497 circa
827 2434 993 2496 sanctam
1009 2424 1240 2512 Trinitatem,
1259 2435 1302 2496 et
1319 2424 1367 2496 de

319 2559 430 2608 causa
456 2559 569 2631 quare
592 2537 670 2632 ipse
697 2549 736 2609 et
761 2537 898 2624 caeteri,
921 2537 983 2632 qui
1008 2537 1109 2633 prius
1135 2537 1369 2611 subscribere

318 2660 587 2738 recusaverant,
614 2674 713 2721 nunc
742 2649 1036 2734 subscriberent;
1062 2650 1126 2722 ubi
1156 2673 1224 2745 pro
1252 2674 1370 2728 causa

318 2764 596 2859 subscriptionis
626 2787 702 2836 suae
730 2765 851 2859 posuit
878 2764 987 2852 hanc,
1012 2763 1115 2860 quod
1130 2762 1310 2860 formula
1342 2790 1369 2836 a

318 2876 501 2950 Patribus
513 2877 747 2975 prescripta
764 2888 875 2965 essct,
890 2901 967 2975 per
985 2901 1095 2974 quam
1112 2876 1237 2949 coctio
1256 2876 1368 2950 adti-

318 2988 476 3064 bebatur
503 3017 547 3063 rtc
571 3017 595 3063 c
622 3001 736 3063 recte
752 2992 855 3085 fidei
884 2990 1070 3065 sententia
1097 2989 1306 3078 excideret,
1327 3001 1367 3063 et

318 3104 421 3200 quod
441 3104 487 3176 ob
501 3130 581 3177 eam
611 3129 761 3177 coccam
784 3130 906 3177 nocem
928 3118 1058 3194 ὁμοίισιον
1078 3129 1148 3176 reon
1171 3103 1365 3196 rejiceret,

318 3242 459 3314 nempe,
475 3216 565 3314 quic
587 3243 673 3316 pax
693 3217 799 3290 nobie
826 3228 1002 3314 tanquam
1019 3242 1154 3315 scopus
1168 3226 1258 3289 ante
1276 3241 1366 3290 oec-

319 3328 376 3402 tos
392 3330 629 3403 versabatur.
682 3331 738 3403 Ex
755 3356 827 3427 quo
845 3330 1073 3425 intelligitur,
1089 3331 1230 3427 quoties
1248 3332 1367 3404 verba

317 3444 411 3516 fiunt
430 3445 581 3530 crimen,
594 3447 702 3540 juxta
715 3445 871 3517 Concilii
886 3445 1018 3516 Niceni
1036 3443 1266 3530 sententiam,
1282 3467 1367 3516 ver·

316 3559 365 3631 ba
381 3557 444 3629 illa
460 3557 499 3631 iu
517 3557 713 3630 formulam
730 3558 864 3631 debere
882 3557 1022 3652 redigi;
1051 3567 1093 3629 ut
1109 3556 1365 3652 uuusquisque

318 3694 401 3767 quae
423 3670 536 3744 verba
562 3671 702 3743 crimen
727 3672 876 3755 babent,
900 3693 982 3765 quae
1012 3694 1086 3742 non
1110 3670 1259 3756 babent,
1281 3670 1364 3744 sine

317 3782 483 3879 pluribus
518 3782 737 3880 syllogismis
771 3798 893 3857 certus
933 3807 1011 3856 esse
1050 3783 1192 3879 possit:
1229 3782 1364 3857 eodem

316 3897 425 3992 plane
439 3896 561 3985 modu,
576 3921 648 3992 quo
666 3896 705 3969 id
722 3897 821 3993 quod
839 3897 877 3969 in
894 3898 1002 3971 factis
1020 3897 1159 3969 crimen
1177 3909 1233 3968 est
1250 3897 1298 3969 ab
1316 3922 1364 3970 eo

317 4009 417 4104 quod
434 4010 573 4082 crimen
597 4034 671 4082 non
688 4023 755 4099 est,
774 4009 1014 4106 distinguitur
1030 4033 1097 4105 per
1115 4009 1205 4105 legis
1222 4008 1363 4083 formu·

316 4122 400 4196 lam.
441 4122 544 4195 Idem
562 4136 755 4196 senserunt
773 4136 810 4195 et
825 4124 932 4220 Papae
949 4147 1086 4197 omnes.
1125 4123 1219 4194 Nam
1237 4122 1301 4194 ubi
1320 4124 1360 4196 in

317 4234 489 4310 Conciliis
514 4237 744 4331 generalibus
763 4237 968 4311 doctrinam
993 4237 1152 4332 aliquam
1181 4235 1359 4310 damnant
