2926 4980
341 322 410 387 110
727 335 782 387 nn
802 336 984 387 nournn.

139 535 217 587 cip,
232 535 307 585 x1v,
336 513 471 574 natura
483 500 760 597 ipsacorrumpi
772 501 1067 597 praesumendum
1077 511 1144 591 est,
1155 523 1275 596 neque
1289 525 1378 597 ergo

137 614 598 727 1ἦιῖῃῖῄτεῑοίρίειιᾰιιιιι.
635 614 765 710 Neque
775 615 1026 689 accusationes
1037 637 1217 711 expressae
1226 637 1294 710 per
1303 625 1380 688 tor·

136 748 178 791 mi·
194 738 463 804 ¹ecirmnumenta
487 752 555 823 pro
581 728 801 801 testimoniis
826 727 1005 800 habendae
1030 739 1127 803 sunt.
1178 727 1380 801 Tormenta

137 811 435 922 ffissllenim
458 840 701 937 explorationi
725 852 870 914 tantum
895 840 1123 922 inservinnt;
1150 851 1187 913 et
1204 840 1379 936 quicquid

336 964 456 1026 tortus
474 955 684 1045 confitetur,
699 954 747 1026 ad
760 953 1021 1026 relaxationem
1035 953 1264 1026 cruciatuum
1276 978 1379 1050 spec-

334 1078 400 1157 tat,
418 1091 495 1140 non
508 1068 556 1141 ad
568 1069 819 1165 torquentium
834 1067 1126 1140 instructionem.
1179 1067 1263 1140 Sive
1282 1068 1379 1140 enim

335 1205 423 1255 vera
436 1181 512 1254 sive
529 1182 623 1256 falsa
635 1182 863 1256 confessione
873 1204 913 1254 se
927 1180 1109 1276 expediat,
1124 1182 1207 1275 jure
1220 1181 1261 1255 id
1276 1182 1378 1272 facit,

331 1295 415 1389 jure
432 1295 583 1391 inquam
598 1295 714 1368 vitam
730 1294 917 1391 propriam
935 1293 1186 1367 conservandi.

384 1407 507 1480 Verba
522 1431 589 1503 per
606 1430 656 1496 se,
670 1418 712 1480 ut
729 1417 815 1479 ante
833 1404 920 1494 dixi,
935 1406 1102 1479 homines
1119 1406 1167 1479 ad
1184 1420 1380 1502 pactorum

335 1521 611 1618 praestationem
625 1520 901 1616 constringendi
913 1520 987 1592 vim
1001 1544 1075 1593 non
1093 1520 1242 1593 habent.
1296 1520 1379 1593 Duo

335 1649 460 1707 autem
478 1634 512 1706 ei
537 1636 589 1706 rei
607 1633 743 1706 auxilia
770 1644 916 1705 tantum
940 1644 1036 1721 sunt,
1055 1633 1242 1722 nimirum,
1260 1647 1381 1707 metus

335 1748 460 1821 damni
473 1771 496 1818 a
509 1746 706 1819 violatione
716 1744 829 1842 pacti,
843 1746 903 1819 vel
922 1746 1009 1842 quia
1022 1745 1161 1835 fallere,
1175 1759 1217 1819 ut
1234 1747 1381 1843 signum

335 1860 575 1957 impotentiae,
591 1859 849 1954 dedignentur.
893 1859 1077 1933 Posterior
1091 1860 1171 1933 haec
1190 1886 1301 1935 causa
1317 1886 1381 1958 ge-

335 1974 515 2050 nerositas
541 1972 632 2046 adeo
660 1996 744 2045 rara
771 1984 839 2061 est,
857 1984 900 2046 ut
922 1973 961 2046 in
982 1974 1144 2047 rationes
1162 1975 1287 2048 venire
1305 2000 1382 2048 non

335 2087 478 2163 debeat.
531 2086 638 2160 Solus
651 2099 771 2159 metus
782 2087 1069 2160 considerandus
1086 2099 1154 2177 est,
1167 2088 1272 2185 isque
1290 2089 1381 2161 duo-

334 2225 418 2276 rum
434 2224 622 2298 generum,
638 2224 796 2296 quorum
813 2201 908 2274 alter
922 2214 978 2274 est
994 2213 1115 2275 metus
1131 2203 1382 2298 potentiarum

335 2314 584 2403 invisibilium,
595 2314 689 2386 alter
702 2324 821 2386 metus
831 2315 1009 2409 potentiae
1019 2314 1211 2399 humanae3
1231 2327 1269 2387 et
1281 2315 1382 2410 prior

336 2428 484 2525 quidem
497 2439 616 2501 metus
628 2438 684 2500 est
695 2427 843 2523 majoris
854 2429 1045 2523 potentiae;
1063 2429 1247 2524 posterior
1256 2444 1382 2500 autem

335 2543 452 2638 major
465 2554 596 2614 metus.
649 2540 773 2613 Metus
786 2540 1001 2636 priorasua
1014 2543 1190 2637 cujusque
1204 2541 1382 2637 religione

335 2668 403 2746 est,
424 2655 617 2750 ineratque
644 2653 854 2726 hominibus
881 2666 967 2727 ante
994 2678 1140 2727 omnem
1166 2655 1381 2728 societatem

336 2768 491 2841 civilem.
530 2766 713 2840 Posterior
726 2779 844 2839 metus
859 2791 943 2841 cum
958 2768 1167 2841 civitatibus
1179 2779 1289 2842 natus
1303 2780 1380 2852 est;

335 2881 400 2954 sed
413 2881 461 2953 ad
471 2880 657 2976 cogendos
668 2879 835 2952 homines
846 2880 892 2952 ad
903 2893 1096 2976 pactorum
1106 2882 1381 2977 praestationem

335 3018 410 3068 non
428 2994 573 3066 sufficit.
614 2994 658 3066 In
675 2991 887 3065 conditione
901 2993 1000 3066 enim
1017 3007 1160 3067 naturae
1174 2994 1383 3068 differentia

335 3107 583 3204 potentiarum
596 3131 672 3179 non
684 3105 914 3195 discernitur,
926 3108 997 3181 nisi
1014 3131 1080 3204 per
1093 3119 1266 3181 eventum
1281 3107 1379 3180 belli.

336 3221 467 3317 Itaque
485 3232 572 3294 ante
590 3220 803 3293 societatem
822 3220 978 3311 civilem,
997 3234 1036 3294 et
1060 3223 1202 3318 quoties
1226 3219 1381 3294 societas

336 3334 453 3407 civilis
465 3358 532 3430 per
544 3334 681 3407 bellum
691 3333 985 3432 interrumpitur,
1002 3336 1094 3409 nihil
1108 3348 1173 3425 est,
1190 3359 1263 3430 quo
1272 3346 1382 3431 pacta

336 3448 546 3521 confirmari
564 3458 695 3521 contra
710 3448 930 3544 cupiditates
946 3449 1139 3522 hominum
1150 3448 1281 3522 melius
1298 3472 1381 3544 pos-

335 3575 432 3651 sunt,
452 3586 562 3657 quam
589 3573 708 3634 metus
735 3563 878 3658 agentis
895 3562 1098 3644 invisibilis,
1116 3586 1228 3658 quem
1245 3575 1382 3636 vocant

336 3699 465 3749 omnes
486 3675 617 3765 Deum,
636 3675 789 3747 diversis
812 3676 944 3749 ritibus
971 3675 1178 3748 adorantes.
1231 3675 1291 3748 Ad
1319 3676 1382 3747 lir-

336 3789 471 3861 manda
485 3813 573 3885 ergo
587 3802 697 3884 pacta
708 3789 980 3885 paciscentibus
997 3790 1245 3862 necessarium
1264 3789 1381 3861 visum

337 3914 404 3991 est,
421 3913 464 3975 ut
490 3926 556 3998 per
583 3901 704 3991 deum,
735 3926 844 3997 quem
874 3903 1100 3991 metuebant,
1118 3913 1227 3999 pacta
1254 3924 1381 3974 suase

336 4016 567 4111 praestituros
584 4038 664 4087 esse
679 4018 859 4110 jurarent.
911 4016 932 4088 J
936 4027 1165 4088 uramentum
1184 4025 1306 4087 autem
1326 4024 1381 4085 est

330 4129 575 4226 promissioni
605 4128 786 4223 ucly'uocta
802 4128 981 4226 formula
1008 4128 1204 4216 orationis,
1223 4152 1298 4224 qua
1315 4126 1381 4222 qui

332 4242 536 4339 promittit,
553 4242 628 4314 niai
649 4242 875 4340 promissum
898 4242 1143 4340 praestiterit,
1161 4241 1267 4313 &um
1284 4238 1380 4310 ulto-
