2926 4980
363 403 416 452 ns
437 403 631 454 crvlrarn
652 401 921 453 cnnrsrrarra.
1092 384 1164 450 315

119 569 262 642 venisse
289 569 337 641 ad
363 592 424 640 eos
450 570 604 657 Mosem,
623 592 699 641 non
724 569 877 641 consilio
904 591 970 640 suo
997 579 1036 640 et
1065 590 1165 639 com·
1204 601 1345 651 xxxva,

120 683 221 757 modi
237 684 292 755 sui
311 708 432 772 causa,
451 684 514 756 sed
533 684 683 756 missum
701 707 724 754 a
740 684 831 755 Deo,
885 680 1043 756 Quando
1066 682 1165 753 enim
1195 681 1357 795 affui.

117 800 275 894 jusserat
303 796 405 868 illum
433 797 533 868 Deus
563 796 746 868 israelitas
772 821 795 868 a
821 796 997 868 servitute
1028 794 1167 890 AEgyp-
1195 817 1300 855 eteorum
1311 823 1361 853 mu·

123 912 220 984 tiaca
245 910 413 997 liberare,
432 909 526 982 dixit
546 910 625 981 Deo
650 910 785 997 MoseS,
807 907 939 1001 (Exod.
958 908 1005 979 iv.
1029 910 1079 1002 1),
1098 932 1170 979 non

122 1025 211 1095 milei
238 1023 403 1110 credent,
422 1023 494 1093 aed
516 1015 855 1111 dicent'Domiaas
886 1047 957 1094 non
985 1022 1171 1119 apparuit

122 1138 224 1208 mihi.
277 1137 499 1208 Potestatem
520 1161 608 1232 ergo
626 1136 679 1209 illi
698 1136 800 1210 dedit
817 1138 916 1209 Deus
935 1133 1172 1209 convertendi

123 1250 277 1345 virgam,
296 1273 404 1343 quam
429 1250 465 1321 in
496 1274 605 1322 manu
637 1250 807 1337 habebat,
825 1251 863 1323 in
894 1263 1115 1347 serpentem,
1133 1260 1172 1320 et

122 1387 258 1451 rursuS,
277 1377 484 1456 serpentem
510 1364 747 1436 convertendi
770 1365 809 1435 in
837 1365 1003 1461 virgam;
1031 1374 1068 1436 et
1096 1385 1171 1433 ma·

121 1501 210 1549 num
228 1501 332 1548 suam
349 1475 530 1572 leprosam
549 1477 718 1564 faciendi,
738 1490 775 1549 et
793 1501 919 1550 rursus
941 1475 1107 1563 sanandi,
1126 1499 1171 1547 eo

122 1591 195 1662 fine
221 1604 262 1663 ut
281 1590 475 1663 crederent
501 1592 677 1664 Israelitae
701 1591 821 1663 Deum
846 1605 993 1686 patrum
1022 1611 1173 1662 suorum

123 1704 175 1775 illi
205 1703 427 1799 apparuisse.
492 1705 582 1775 Cum
609 1716 729 1776 autem
749 1704 933 1775 miracula
950 1705 1031 1778 haec
1049 1724 1174 1776 coram

126 1817 263 1913 populo
279 1830 452 1911 operatus
470 1828 576 1900 esset,
588 1830 676 1889 tunc
695 1818 802 1907 (vers.
818 1819 883 1908 31)
905 1817 1038 1889 dicitur
1051 1840 1174 1914 popu-

124 1931 197 2001 lum
226 1930 286 2000 illi
315 1931 541 2002 credidisse.
594 1930 753 2025 Populus
776 1941 900 2002 tamen
928 1930 980 2002 illi
1003 1954 1080 2002 non
1101 1942 1176 2001 sta·

124 2044 191 2115 tim
227 2043 402 2132 obedivit,
434 2057 601 2115 metuens
639 2044 878 2116 Pharaonem.
943 2042 1027 2115 Alia
1063 2042 1176 2138 igitur

127 2157 316 2228 miracola
347 2156 434 2229 fecit
459 2157 570 2241 DeuS,
589 2157 799 2252 percutiens
821 2157 1026 2253 AEgyptioS,
1044 2155 1109 2228 sed
1132 2155 1177 2226 de

126 2295 171 2343 eo
195 2273 269 2343 fine
295 2284 336 2344 ut
364 2272 461 2343 Mosi
486 2271 661 2343 Israelitae
690 2269 893 2343 crederent.
947 2269 1122 2343 Similiter
1145 2275 1177 2345 si

126 2385 309 2456 iniracuia
344 2385 443 2456 facta
477 2410 499 2455 a
525 2385 603 2455 Deo
636 2406 703 2479 per
729 2383 871 2454 Mosem
905 2383 1175 2479 prophetasque

125 2521 240 2593 usque
265 2497 312 2568 ad
339 2497 600 2592 captivitatem,
621 2506 730 2590 atque
756 2518 810 2581 ea,
829 2518 911 2590 quae
933 2495 1033 2567 facta
1049 2507 1177 2566 sunta

126 2611 321 2683 Servatore
351 2624 479 2682 nostro
511 2622 548 2680 et
575 2607 761 2703 Apostolis
779 2610 869 2702 ejus,
888 2608 1176 2680 consideraveri-

126 2749 219 2812 mus,
237 2725 465 2797 inveniemus
482 2723 580 2794 facta
598 2745 677 2793 esse
696 2744 739 2792 eo
756 2721 830 2792 fine
849 2721 984 2809 omnia,
1002 2734 1044 2793 ut
1065 2719 1176 2793 fidem

126 2841 291 2910 facerent
321 2836 380 2907 vel
411 2837 683 2922 confirmarent,
703 2858 778 2905 non
805 2832 995 2907 advenisse
1021 2858 1084 2907 eos
1110 2858 1177 2906 sua

127 2950 289 3044 ipsorum
312 2972 433 3034 causa,
457 2947 521 3019 sed
543 2973 565 3019 a
586 2948 664 3019 Deo
690 2947 819 3018 missos
844 2947 967 3019 fuisse.
1020 2947 1099 3020 Nec
1122 2959 1177 3020 ta-

127 3086 212 3134 men
235 3059 499 3132 miraculorum
521 3083 652 3155 scopus
679 3071 758 3131 erat
782 3060 979 3132 universim
1003 3060 1042 3134 in
1059 3062 1175 3134 omni-

128 3178 195 3247 bus
212 3174 323 3246 fidem
342 3173 473 3259 facere,
493 3173 558 3245 sed
575 3174 613 3244 in
632 3173 758 3245 electis
783 3185 940 3264 tantum,
958 3198 1103 3271 nempe,
1132 3175 1176 3247 iis

129 3288 192 3384 qui
218 3287 382 3359 salvandi
409 3300 528 3358 erant.
581 3287 775 3380 Plagarum
802 3288 899 3360 enim
924 3289 1075 3384 AEgypti
1094 3288 1177 3360 finis

128 3426 204 3474 uon
225 3413 305 3473 erat
326 3401 515 3473 conversio
530 3400 740 3489 Pharaonis,
761 3403 865 3497 cujus
891 3426 955 3476 cor
978 3403 1178 3475 obduratu-

129 3539 211 3587 rum
238 3538 276 3587 se
303 3536 379 3585 esse
407 3513 628 3607 praedixerat
654 3514 766 3602 DeuS,
785 3539 831 3587 ue
865 3517 1042 3611 populum
1077 3517 1178 3589 abire

130 3631 292 3709 sineret;
330 3639 367 3697 et
385 3625 552 3698 Pharaoh
571 3651 655 3698 cum
674 3651 736 3699 eos
755 3626 905 3716 dimisit,
924 3653 998 3702 non
1016 3630 1178 3703 miracu·

131 3743 192 3830 lis,
208 3741 272 3813 sed
290 3739 406 3834 plagis
433 3751 552 3812 motus
575 3740 613 3811 id
641 3740 739 3812 fecit.
792 3740 884 3813 Item
912 3741 957 3815 de
984 3743 1179 3815 Servatore

131 3867 258 3927 nostro
290 3852 443 3945 (Matth.
462 3853 538 3925 xiii.
560 3855 623 3947 58)
654 3855 832 3949 scriptum
861 3865 936 3927 est:
964 3882 1035 3928 aaa
1061 3854 1178 3928 inuita

132 3966 316 4039 miracula
335 3976 531 4062 operatum
547 3967 651 4038 illum
665 3992 748 4038 esse
762 3968 800 4038 in
813 3969 951 4063 patria
964 3994 1045 4058 aaa,
1057 3994 1177 4067 prop-

133 4091 193 4152 ter
210 4103 333 4152 eorum
354 4077 686 4162 increduiitatem
715 4091 752 4151 et
772 4080 905 4173 (Marc.
922 4082 971 4154 vi.
992 4086 1030 4176 5)
1050 4082 1177 4154 scribi-

132 4211 205 4287 tur,
232 4222 303 4269 uon
331 4205 485 4292 poterat
515 4195 567 4267 idi
597 4198 771 4268 virtutem
801 4198 915 4270 ullam
927 4200 1084 4297 facere,
1102 4200 1178 4272 nisi

129 4335 276 4409 parcens
313 4309 478 4400 infirmos
513 4309 701 4405 impositis
735 4310 902 4385 monibus
933 4315 1104 4399 curavit,·
1141 4324 1179 4387 et
