<?xml version="1.0" encoding="UTF-8"?>
<!DOCTYPE html PUBLIC "-//W3C//DTD XHTML 1.0 Transitional//EN"
    "http://www.w3.org/TR/xhtml1/DTD/xhtml1-transitional.dtd">
<html xmlns="http://www.w3.org/1999/xhtml" xml:lang="en" lang="en">
 <head>
  <title>
</title>
<meta http-equiv="Content-Type" content="text/html;charset=utf-8" />
  <meta name='ocr-system' content='tesseract 3.04.00' />
  <meta name='ocr-capabilities' content='ocr_page ocr_carea ocr_par ocr_line ocrx_word'/>
</head>
<body>
  <div class='ocr_page' id='page_1' title='image "./thomhobbesmalme02hobbgoog_0231.png"; bbox 0 0 2926 4980; ppageno 0'>
   <div class='ocr_carea' id='block_1_1' title="bbox 327 329 993 400">
    <p class='ocr_par' dir='ltr' id='par_1_1' title="bbox 327 329 993 400">
     <span class='ocr_line' id='line_1_1' title="bbox 327 329 993 400; baseline 0.003 -4"><span class='ocrx_word' id='word_1_1' title='bbox 327 329 400 396; x_wconf 81' lang='lat'><strong>218</strong></span> <span class='ocrx_word' id='word_1_2' title='bbox 711 345 765 397; x_wconf 87' lang='lat' dir='ltr'><strong>nn</strong></span> <span class='ocrx_word' id='word_1_3' title='bbox 786 345 993 400; x_wconf 76' lang='lat' dir='ltr'><strong>crvrrnra.</strong></span> 
     </span>
    </p>
   </div>
   <div class='ocr_carea' id='block_1_2' title="bbox 113 511 1363 609">
    <p class='ocr_par' dir='ltr' id='par_1_2' title="bbox 113 511 1363 609">
     <span class='ocr_line' id='line_1_2' title="bbox 113 511 1363 609; baseline -0.001 -22"><span class='ocrx_word' id='word_1_4' title='bbox 113 542 311 598; x_wconf 61' lang='lat' dir='ltr'><strong>crnxxvn,</strong></span> <span class='ocrx_word' id='word_1_5' title='bbox 375 511 523 585; x_wconf 85' lang='lat' dir='ltr'><strong>Crimen</strong></span> <span class='ocrx_word' id='word_1_6' title='bbox 540 511 604 608; x_wconf 93' lang='lat' dir='ltr'><strong>qui</strong></span> <span class='ocrx_word' id='word_1_7' title='bbox 620 533 699 585; x_wconf 87' lang='lat' dir='ltr'><strong>esse</strong></span> <span class='ocrx_word' id='word_1_8' title='bbox 711 512 781 585; x_wconf 89' lang='lat' dir='ltr'><strong>scit</strong></span> <span class='ocrx_word' id='word_1_9' title='bbox 797 513 946 602; x_wconf 82' lang='lat' dir='ltr'><strong>etfacit,</strong></span> <span class='ocrx_word' id='word_1_10' title='bbox 960 512 1099 585; x_wconf 88' lang='lat' dir='ltr'>crimen</span> <span class='ocrx_word' id='word_1_11' title='bbox 1111 522 1242 609; x_wconf 86' lang='lat' dir='ltr'><strong>auget;</strong></span> <span class='ocrx_word' id='word_1_12' title='bbox 1262 512 1363 608; x_wconf 93' lang='lat' dir='ltr'><strong>quod</strong></span> 
     </span>
    </p>
   </div>
   <div class='ocr_carea' id='block_1_3' title="bbox 140 626 284 658">
    <p class='ocr_par' dir='ltr' id='par_1_3' title="bbox 140 626 284 658">
     <span class='ocr_line' id='line_1_3' title="bbox 140 626 284 658; baseline 0 0"><span class='ocrx_word' id='word_1_13' title='bbox 140 626 284 658; x_wconf 43' lang='lat' dir='ltr'><strong>h--r-ae</strong></span> 
     </span>
    </p>
   </div>
   <div class='ocr_carea' id='block_1_4' title="bbox 128 625 1361 725">
    <p class='ocr_par' dir='ltr' id='par_1_4' title="bbox 128 625 1361 725">
     <span class='ocr_line' id='line_1_4' title="bbox 128 625 1361 725; baseline -0.006 -20"><span class='ocrx_word' id='word_1_14' title='bbox 128 681 266 725; x_wconf 50' lang='lat' dir='ltr'><strong>„effi</strong></span> <span class='ocrx_word' id='word_1_15' title='bbox 325 625 578 721; x_wconf 87' lang='lat' dir='ltr'><strong>siprofectum</strong></span> <span class='ocrx_word' id='word_1_16' title='bbox 604 634 699 698; x_wconf 87' lang='lat' dir='ltr'><strong>esset</strong></span> <span class='ocrx_word' id='word_1_17' title='bbox 723 626 769 698; x_wconf 89' lang='lat' dir='ltr'><strong>ab</strong></span> <span class='ocrx_word' id='word_1_18' title='bbox 791 626 962 722; x_wconf 90' lang='lat' dir='ltr'><strong>opinione</strong></span> <span class='ocrx_word' id='word_1_19' title='bbox 979 625 1079 721; x_wconf 93' lang='lat' dir='ltr'><strong>quod</strong></span> <span class='ocrx_word' id='word_1_20' title='bbox 1095 625 1235 699; x_wconf 90' lang='lat' dir='ltr'><strong>licitum</strong></span> <span class='ocrx_word' id='word_1_21' title='bbox 1252 638 1361 716; x_wconf 86' lang='lat' dir='ltr'><strong>esset,</strong></span> 
     </span>
    </p>
   </div>
   <div class='ocr_carea' id='block_1_5' title="bbox 127 737 1362 4224">
    <p class='ocr_par' dir='ltr' id='par_1_5' title="bbox 127 737 1362 856">
     <span class='ocr_line' id='line_1_5' title="bbox 127 737 1362 856; baseline 0.001 -44"><span class='ocrx_word' id='word_1_22' title='bbox 127 747 303 856; x_wconf 29' lang='lat' dir='ltr'><strong>22:333ssss-</strong></span> <span class='ocrx_word' id='word_1_23' title='bbox 324 737 445 812; x_wconf 91' lang='lat' dir='ltr'><strong>minus</strong></span> <span class='ocrx_word' id='word_1_24' title='bbox 461 737 600 811; x_wconf 83' lang='lat' dir='ltr'><strong>fuisset.</strong></span> <span class='ocrx_word' id='word_1_25' title='bbox 652 737 750 812; x_wconf 86' lang='lat' dir='ltr'><strong>Nam</strong></span> <span class='ocrx_word' id='word_1_26' title='bbox 777 739 841 834; x_wconf 92' lang='lat' dir='ltr'><strong>qui</strong></span> <span class='ocrx_word' id='word_1_27' title='bbox 867 739 961 812; x_wconf 89' lang='lat' dir='ltr'><strong>male</strong></span> <span class='ocrx_word' id='word_1_28' title='bbox 987 739 1076 812; x_wconf 87' lang='lat' dir='ltr'><strong>facit</strong></span> <span class='ocrx_word' id='word_1_29' title='bbox 1103 750 1232 813; x_wconf 91' lang='lat' dir='ltr'><strong>contra</strong></span> <span class='ocrx_word' id='word_1_30' title='bbox 1258 763 1362 813; x_wconf 91' lang='lat' dir='ltr'><strong>suam</strong></span> 
     </span>
    </p>

    <p class='ocr_par' dir='ltr' id='par_1_6' title="bbox 127 843 1362 1172">
     <span class='ocr_line' id='line_1_6' title="bbox 127 843 1362 949; baseline 0.004 -28"><span class='ocrx_word' id='word_1_31' title='bbox 127 843 297 923; x_wconf 56' lang='lat' dir='ltr'><strong>maroham</strong></span> <span class='ocrx_word' id='word_1_32' title='bbox 324 850 438 947; x_wconf 86' lang='lat' dir='ltr'><strong>ipsius</strong></span> <span class='ocrx_word' id='word_1_33' title='bbox 457 850 728 941; x_wconf 80' lang='lat' dir='ltr'><strong>conscientiam,</strong></span> <span class='ocrx_word' id='word_1_34' title='bbox 742 851 880 925; x_wconf 84' lang='lat' dir='ltr'><strong>viribus</strong></span> <span class='ocrx_word' id='word_1_35' title='bbox 897 851 1061 940; x_wconf 91' lang='lat' dir='ltr'><strong>confidit,</strong></span> <span class='ocrx_word' id='word_1_36' title='bbox 1079 851 1209 949; x_wconf 93' lang='lat' dir='ltr'><strong>quibus</strong></span> <span class='ocrx_word' id='word_1_37' title='bbox 1225 853 1362 926; x_wconf 85' lang='lat' dir='ltr'><strong>excita-</strong></span> 
     </span>
     <span class='ocr_line' id='line_1_7' title="bbox 322 962 1360 1061; baseline 0 -23"><span class='ocrx_word' id='word_1_38' title='bbox 322 973 384 1038; x_wconf 91' lang='lat' dir='ltr'><strong>tur</strong></span> <span class='ocrx_word' id='word_1_39' title='bbox 397 962 444 1036; x_wconf 92' lang='lat' dir='ltr'><strong>ad</strong></span> <span class='ocrx_word' id='word_1_40' title='bbox 460 964 558 1037; x_wconf 92' lang='lat' dir='ltr'><strong>idem</strong></span> <span class='ocrx_word' id='word_1_41' title='bbox 569 962 701 1060; x_wconf 82' lang='lat' dir='ltr'><strong>saepius</strong></span> <span class='ocrx_word' id='word_1_42' title='bbox 717 963 925 1037; x_wconf 85' lang='lat' dir='ltr'><strong>faciendum</strong></span> <span class='ocrx_word' id='word_1_43' title='bbox 941 995 951 1048; x_wconf 89' lang='lat'>;</span> <span class='ocrx_word' id='word_1_44' title='bbox 969 963 1034 1037; x_wconf 89' lang='lat' dir='ltr'><strong>sed</strong></span> <span class='ocrx_word' id='word_1_45' title='bbox 1047 965 1111 1061; x_wconf 92' lang='lat' dir='ltr'><strong>qui</strong></span> <span class='ocrx_word' id='word_1_46' title='bbox 1124 988 1246 1039; x_wconf 89' lang='lat' dir='ltr'><strong>errore</strong></span> <span class='ocrx_word' id='word_1_47' title='bbox 1259 966 1360 1055; x_wconf 87' lang='lat' dir='ltr'><strong>facit,</strong></span> 
     </span>
     <span class='ocr_line' id='line_1_8' title="bbox 324 1075 1075 1172; baseline -0.001 -22"><span class='ocrx_word' id='word_1_48' title='bbox 324 1076 472 1172; x_wconf 87' lang='lat' dir='ltr'><strong>cognito</strong></span> <span class='ocrx_word' id='word_1_49' title='bbox 490 1100 614 1151; x_wconf 91' lang='lat' dir='ltr'><strong>errore</strong></span> <span class='ocrx_word' id='word_1_50' title='bbox 633 1075 681 1149; x_wconf 89' lang='lat' dir='ltr'><strong>ad</strong></span> <span class='ocrx_word' id='word_1_51' title='bbox 697 1077 797 1172; x_wconf 84' lang='lat' dir='ltr'><strong>leges</strong></span> <span class='ocrx_word' id='word_1_52' title='bbox 814 1077 1075 1151; x_wconf 86' lang='lat' dir='ltr'><strong>conformatur.</strong></span> 
     </span>
    </p>

    <p class='ocr_par' dir='ltr' id='par_1_7' title="bbox 320 1188 1361 2416">
     <span class='ocr_line' id='line_1_9' title="bbox 375 1188 1360 1288; baseline 0.002 -26"><span class='ocrx_word' id='word_1_53' title='bbox 375 1190 422 1280; x_wconf 90' lang='lat' dir='ltr'><strong>Is,</strong></span> <span class='ocrx_word' id='word_1_54' title='bbox 440 1190 544 1285; x_wconf 91' lang='lat' dir='ltr'><strong>cujus</strong></span> <span class='ocrx_word' id='word_1_55' title='bbox 561 1213 665 1263; x_wconf 90' lang='lat' dir='ltr'><strong>error</strong></span> <span class='ocrx_word' id='word_1_56' title='bbox 678 1190 725 1263; x_wconf 91' lang='lat' dir='ltr'><strong>ab</strong></span> <span class='ocrx_word' id='word_1_57' title='bbox 735 1190 956 1264; x_wconf 81' lang='lat' dir='ltr'><strong>authoritate</strong></span> <span class='ocrx_word' id='word_1_58' title='bbox 973 1188 1134 1264; x_wconf 90' lang='lat' dir='ltr'><strong>doctoris</strong></span> <span class='ocrx_word' id='word_1_59' title='bbox 1150 1191 1208 1263; x_wconf 87' lang='lat' dir='ltr'><strong>vel</strong></span> <span class='ocrx_word' id='word_1_60' title='bbox 1220 1191 1360 1288; x_wconf 90' lang='lat' dir='ltr'><strong>legum-</strong></span> 
     </span>
     <span class='ocr_line' id='line_1_10' title="bbox 324 1302 1361 1399; baseline 0.003 -24"><span class='ocrx_word' id='word_1_61' title='bbox 324 1302 536 1399; x_wconf 89' lang='lat' dir='ltr'><strong>interpretis</strong></span> <span class='ocrx_word' id='word_1_62' title='bbox 551 1302 696 1398; x_wconf 90' lang='lat' dir='ltr'><strong>publice</strong></span> <span class='ocrx_word' id='word_1_63' title='bbox 714 1303 903 1376; x_wconf 90' lang='lat' dir='ltr'><strong>constituti</strong></span> <span class='ocrx_word' id='word_1_64' title='bbox 916 1302 1043 1393; x_wconf 89' lang='lat' dir='ltr'><strong>oritur,</strong></span> <span class='ocrx_word' id='word_1_65' title='bbox 1054 1304 1232 1377; x_wconf 89' lang='lat' dir='ltr'><strong>minorem</strong></span> <span class='ocrx_word' id='word_1_66' title='bbox 1249 1304 1361 1378; x_wconf 89' lang='lat' dir='ltr'><strong>habet</strong></span> 
     </span>
     <span class='ocr_line' id='line_1_11' title="bbox 324 1416 1358 1512; baseline 0.003 -24"><span class='ocrx_word' id='word_1_67' title='bbox 324 1416 481 1512; x_wconf 92' lang='lat' dir='ltr'><strong>culpam,</strong></span> <span class='ocrx_word' id='word_1_68' title='bbox 505 1422 615 1511; x_wconf 92' lang='lat' dir='ltr'><strong>quam</strong></span> <span class='ocrx_word' id='word_1_69' title='bbox 640 1416 670 1488; x_wconf 95' lang='lat' dir='ltr'><strong>si</strong></span> <span class='ocrx_word' id='word_1_70' title='bbox 695 1426 803 1488; x_wconf 88' lang='lat' dir='ltr'><strong>uatus</strong></span> <span class='ocrx_word' id='word_1_71' title='bbox 824 1424 919 1488; x_wconf 89' lang='lat' dir='ltr'><strong>esset</strong></span> <span class='ocrx_word' id='word_1_72' title='bbox 936 1438 958 1489; x_wconf 92' lang='lat' dir='ltr'><strong>a</strong></span> <span class='ocrx_word' id='word_1_73' title='bbox 974 1416 1207 1512; x_wconf 87' lang='lat' dir='ltr'><strong>propriorum</strong></span> <span class='ocrx_word' id='word_1_74' title='bbox 1224 1417 1358 1512; x_wconf 90' lang='lat' dir='ltr'><strong>princi-</strong></span> 
     </span>
     <span class='ocr_line' id='line_1_12' title="bbox 322 1528 1360 1626; baseline 0 -24"><span class='ocrx_word' id='word_1_75' title='bbox 322 1529 467 1626; x_wconf 92' lang='lat' dir='ltr'><strong>piorum</strong></span> <span class='ocrx_word' id='word_1_76' title='bbox 484 1541 522 1601; x_wconf 90' lang='lat' dir='ltr'><strong>et</strong></span> <span class='ocrx_word' id='word_1_77' title='bbox 537 1529 719 1603; x_wconf 87' lang='lat' dir='ltr'><strong>rationum</strong></span> <span class='ocrx_word' id='word_1_78' title='bbox 732 1528 987 1625; x_wconf 86' lang='lat' dir='ltr'><strong>prosecutione</strong></span> <span class='ocrx_word' id='word_1_79' title='bbox 1001 1529 1195 1603; x_wconf 87' lang='lat' dir='ltr'><strong>obstinata.</strong></span> <span class='ocrx_word' id='word_1_80' title='bbox 1249 1529 1360 1604; x_wconf 78' lang='lat' dir='ltr'><strong>Quod</strong></span> 
     </span>
     <span class='ocr_line' id='line_1_13' title="bbox 322 1641 1359 1739; baseline 0 -23"><span class='ocrx_word' id='word_1_81' title='bbox 322 1642 420 1716; x_wconf 90' lang='lat' dir='ltr'><strong>enim</strong></span> <span class='ocrx_word' id='word_1_82' title='bbox 438 1641 592 1716; x_wconf 89' lang='lat' dir='ltr'><strong>docetur</strong></span> <span class='ocrx_word' id='word_1_83' title='bbox 607 1667 674 1739; x_wconf 90' lang='lat' dir='ltr'><strong>per</strong></span> <span class='ocrx_word' id='word_1_84' title='bbox 690 1643 952 1717; x_wconf 86' lang='lat' dir='ltr'><strong>authoritatem</strong></span> <span class='ocrx_word' id='word_1_85' title='bbox 964 1642 1194 1739; x_wconf 88' lang='lat' dir='ltr'><strong>publicam‚a</strong></span> <span class='ocrx_word' id='word_1_86' title='bbox 1211 1642 1359 1716; x_wconf 88' lang='lat' dir='ltr'><strong>civitate</strong></span> 
     </span>
     <span class='ocr_line' id='line_1_14' title="bbox 320 1753 1359 1851; baseline 0.002 -25"><span class='ocrx_word' id='word_1_87' title='bbox 320 1755 401 1851; x_wconf 89' lang='lat' dir='ltr'><strong>ipsa</strong></span> <span class='ocrx_word' id='word_1_88' title='bbox 418 1753 581 1844; x_wconf 91' lang='lat' dir='ltr'><strong>docetur,</strong></span> <span class='ocrx_word' id='word_1_89' title='bbox 600 1766 637 1828; x_wconf 90' lang='lat' dir='ltr'><strong>et</strong></span> <span class='ocrx_word' id='word_1_90' title='bbox 655 1755 926 1828; x_wconf 92' lang='lat' dir='ltr'><strong>similitudinem</strong></span> <span class='ocrx_word' id='word_1_91' title='bbox 943 1755 1103 1851; x_wconf 82' lang='lat' dir='ltr'><strong>aliquam</strong></span> <span class='ocrx_word' id='word_1_92' title='bbox 1129 1755 1252 1844; x_wconf 91' lang='lat' dir='ltr'><strong>habet,</strong></span> <span class='ocrx_word' id='word_1_93' title='bbox 1271 1755 1359 1829; x_wconf 95' lang='lat' dir='ltr'><strong>dum</strong></span> 
     </span>
     <span class='ocr_line' id='line_1_15' title="bbox 321 1868 1359 1965; baseline 0.001 -24"><span class='ocrx_word' id='word_1_94' title='bbox 321 1891 398 1942; x_wconf 92' lang='lat' dir='ltr'><strong>non</strong></span> <span class='ocrx_word' id='word_1_95' title='bbox 414 1868 640 1964; x_wconf 89' lang='lat' dir='ltr'><strong>prohibetur,</strong></span> <span class='ocrx_word' id='word_1_96' title='bbox 657 1869 748 1965; x_wconf 85' lang='lat' dir='ltr'><strong>legis</strong></span> <span class='ocrx_word' id='word_1_97' title='bbox 774 1868 914 1953; x_wconf 76' lang='lat' dir='ltr'><strong>civilis3</strong></span> <span class='ocrx_word' id='word_1_98' title='bbox 940 1877 978 1941; x_wconf 90' lang='lat' dir='ltr'><strong>et</strong></span> <span class='ocrx_word' id='word_1_99' title='bbox 1005 1868 1170 1958; x_wconf 90' lang='lat' dir='ltr'><strong>crimina,</strong></span> <span class='ocrx_word' id='word_1_100' title='bbox 1188 1893 1269 1964; x_wconf 89' lang='lat' dir='ltr'><strong>quae</strong></span> <span class='ocrx_word' id='word_1_101' title='bbox 1293 1893 1359 1942; x_wconf 88' lang='lat' dir='ltr'><strong>ne-</strong></span> 
     </span>
     <span class='ocr_line' id='line_1_16' title="bbox 321 1981 1358 2079; baseline 0 -24"><span class='ocrx_word' id='word_1_102' title='bbox 321 1981 509 2078; x_wconf 89' lang='lat' dir='ltr'><strong>gationem</strong></span> <span class='ocrx_word' id='word_1_103' title='bbox 539 2006 615 2055; x_wconf 91' lang='lat' dir='ltr'><strong>non</strong></span> <span class='ocrx_word' id='word_1_104' title='bbox 642 1982 833 2056; x_wconf 90' lang='lat' dir='ltr'><strong>continent</strong></span> <span class='ocrx_word' id='word_1_105' title='bbox 858 2006 1009 2056; x_wconf 86' lang='lat' dir='ltr'><strong>summae</strong></span> <span class='ocrx_word' id='word_1_106' title='bbox 1033 1981 1222 2079; x_wconf 88' lang='lat' dir='ltr'><strong>potestatis</strong></span> <span class='ocrx_word' id='word_1_107' title='bbox 1238 2005 1358 2078; x_wconf 88' lang='lat' dir='ltr'><strong>neque</strong></span> 
     </span>
     <span class='ocr_line' id='line_1_17' title="bbox 322 2094 1360 2191; baseline 0.001 -24"><span class='ocrx_word' id='word_1_108' title='bbox 322 2106 532 2190; x_wconf 87' lang='lat' dir='ltr'><strong>repugnant</strong></span> <span class='ocrx_word' id='word_1_109' title='bbox 560 2094 633 2191; x_wconf 83' lang='lat' dir='ltr'><strong>legi</strong></span> <span class='ocrx_word' id='word_1_110' title='bbox 659 2095 872 2185; x_wconf 85' lang='lat' dir='ltr'><strong>manifestae,</strong></span> <span class='ocrx_word' id='word_1_111' title='bbox 891 2095 1053 2169; x_wconf 89' lang='lat' dir='ltr'><strong>totahter</strong></span> <span class='ocrx_word' id='word_1_112' title='bbox 1070 2106 1267 2180; x_wconf 78' lang='lat' dir='ltr'><strong>exemant3</strong></span> <span class='ocrx_word' id='word_1_113' title='bbox 1294 2096 1360 2191; x_wconf 94' lang='lat' dir='ltr'><strong>qui</strong></span> 
     </span>
     <span class='ocr_line' id='line_1_18' title="bbox 321 2207 1359 2305; baseline 0.002 -25"><span class='ocrx_word' id='word_1_114' title='bbox 321 2220 446 2281; x_wconf 91' lang='lat' dir='ltr'><strong>autem</strong></span> <span class='ocrx_word' id='word_1_115' title='bbox 462 2207 652 2304; x_wconf 93' lang='lat' dir='ltr'><strong>proprium</strong></span> <span class='ocrx_word' id='word_1_116' title='bbox 664 2208 844 2304; x_wconf 87' lang='lat' dir='ltr'><strong>judicium</strong></span> <span class='ocrx_word' id='word_1_117' title='bbox 854 2219 1028 2305; x_wconf 88' lang='lat' dir='ltr'><strong>sequutus</strong></span> <span class='ocrx_word' id='word_1_118' title='bbox 1040 2221 1181 2305; x_wconf 91' lang='lat' dir='ltr'><strong>peccat,</strong></span> <span class='ocrx_word' id='word_1_119' title='bbox 1192 2233 1259 2305; x_wconf 90' lang='lat' dir='ltr'><strong>per</strong></span> <span class='ocrx_word' id='word_1_120' title='bbox 1274 2233 1359 2305; x_wconf 91' lang='lat' dir='ltr'><strong>pro·</strong></span> 
     </span>
     <span class='ocr_line' id='line_1_19' title="bbox 322 2318 1009 2416; baseline -0.003 -22"><span class='ocrx_word' id='word_1_121' title='bbox 322 2321 444 2416; x_wconf 91' lang='lat' dir='ltr'><strong>prium</strong></span> <span class='ocrx_word' id='word_1_122' title='bbox 457 2319 637 2416; x_wconf 90' lang='lat' dir='ltr'><strong>judicium</strong></span> <span class='ocrx_word' id='word_1_123' title='bbox 654 2330 718 2394; x_wconf 92' lang='lat' dir='ltr'><strong>aut</strong></span> <span class='ocrx_word' id='word_1_124' title='bbox 735 2331 810 2394; x_wconf 88' lang='lat' dir='ltr'><strong>stat</strong></span> <span class='ocrx_word' id='word_1_125' title='bbox 826 2318 889 2394; x_wconf 83' lang='lat' dir='ltr'><strong>aut</strong></span> <span class='ocrx_word' id='word_1_126' title='bbox 900 2320 1009 2394; x_wconf 86' lang='lat' dir='ltr'><strong>cadit.</strong></span> 
     </span>
    </p>

    <p class='ocr_par' dir='ltr' id='par_1_8' title="bbox 319 2432 1358 3185">
     <span class='ocr_line' id='line_1_20' title="bbox 372 2432 1358 2529; baseline 0.001 -24"><span class='ocrx_word' id='word_1_127' title='bbox 372 2433 475 2506; x_wconf 90' lang='lat' dir='ltr'><strong>Idem</strong></span> <span class='ocrx_word' id='word_1_128' title='bbox 497 2432 647 2522; x_wconf 87' lang='lat' dir='ltr'><strong>factum,</strong></span> <span class='ocrx_word' id='word_1_129' title='bbox 665 2433 697 2506; x_wconf 92' lang='lat' dir='ltr'><strong>si</strong></span> <span class='ocrx_word' id='word_1_130' title='bbox 718 2433 756 2505; x_wconf 91' lang='lat' dir='ltr'><strong>in</strong></span> <span class='ocrx_word' id='word_1_131' title='bbox 777 2432 856 2505; x_wconf 89' lang='lat' dir='ltr'><strong>aliis</strong></span> <span class='ocrx_word' id='word_1_132' title='bbox 879 2444 1089 2506; x_wconf 87' lang='lat' dir='ltr'><strong>constanter</strong></span> <span class='ocrx_word' id='word_1_133' title='bbox 1104 2433 1273 2529; x_wconf 91' lang='lat' dir='ltr'><strong>punitum</strong></span> <span class='ocrx_word' id='word_1_134' title='bbox 1290 2445 1358 2521; x_wconf 88' lang='lat' dir='ltr'><strong>est,</strong></span> 
     </span>
     <span class='ocr_line' id='line_1_21' title="bbox 322 2545 1358 2643; baseline -0.001 -25"><span class='ocrx_word' id='word_1_135' title='bbox 322 2547 461 2619; x_wconf 89' lang='lat' dir='ltr'><strong>crimen</strong></span> <span class='ocrx_word' id='word_1_136' title='bbox 477 2548 594 2643; x_wconf 91' lang='lat' dir='ltr'><strong>majus</strong></span> <span class='ocrx_word' id='word_1_137' title='bbox 608 2559 675 2636; x_wconf 89' lang='lat' dir='ltr'><strong>est,</strong></span> <span class='ocrx_word' id='word_1_138' title='bbox 690 2571 799 2642; x_wconf 88' lang='lat' dir='ltr'><strong>quam</strong></span> <span class='ocrx_word' id='word_1_139' title='bbox 816 2548 846 2619; x_wconf 91' lang='lat' dir='ltr'><strong>si</strong></span> <span class='ocrx_word' id='word_1_140' title='bbox 862 2547 979 2620; x_wconf 87' lang='lat' dir='ltr'><strong>multa</strong></span> <span class='ocrx_word' id='word_1_141' title='bbox 995 2546 1274 2620; x_wconf 87' lang='lat' dir='ltr'><strong>antecessissent</strong></span> <span class='ocrx_word' id='word_1_142' title='bbox 1291 2545 1358 2618; x_wconf 91' lang='lat' dir='ltr'><strong>im-</strong></span> 
     </span>
     <span class='ocr_line' id='line_1_22' title="bbox 321 2657 1358 2757; baseline -0.002 -24"><span class='ocrx_word' id='word_1_143' title='bbox 321 2660 496 2756; x_wconf 90' lang='lat' dir='ltr'><strong>punitatis</strong></span> <span class='ocrx_word' id='word_1_144' title='bbox 507 2660 696 2757; x_wconf 86' lang='lat' dir='ltr'><strong>exempla:</strong></span> <span class='ocrx_word' id='word_1_145' title='bbox 715 2684 797 2756; x_wconf 78' lang='lat' dir='ltr'><strong>qum</strong></span> <span class='ocrx_word' id='word_1_146' title='bbox 810 2659 975 2755; x_wconf 81' lang='lat' dir='ltr'><strong>exempla</strong></span> <span class='ocrx_word' id='word_1_147' title='bbox 984 2659 1136 2732; x_wconf 91' lang='lat' dir='ltr'><strong>totidem</strong></span> <span class='ocrx_word' id='word_1_148' title='bbox 1150 2669 1235 2731; x_wconf 89' lang='lat' dir='ltr'><strong>suut</strong></span> <span class='ocrx_word' id='word_1_149' title='bbox 1250 2657 1358 2731; x_wconf 84' lang='lat' dir='ltr'><strong>factae</strong></span> 
     </span>
     <span class='ocr_line' id='line_1_23' title="bbox 321 2771 1357 2870; baseline -0.003 -24"><span class='ocrx_word' id='word_1_150' title='bbox 321 2775 367 2846; x_wconf 93' lang='lat' dir='ltr'><strong>ah</strong></span> <span class='ocrx_word' id='word_1_151' title='bbox 394 2773 473 2870; x_wconf 89' lang='lat' dir='ltr'><strong>ipsa</strong></span> <span class='ocrx_word' id='word_1_152' title='bbox 501 2796 643 2846; x_wconf 90' lang='lat' dir='ltr'><strong>summa</strong></span> <span class='ocrx_word' id='word_1_153' title='bbox 666 2781 850 2869; x_wconf 82' lang='lat' dir='ltr'><strong>potestate</strong></span> <span class='ocrx_word' id='word_1_154' title='bbox 875 2772 1103 2868; x_wconf 88' lang='lat' dir='ltr'><strong>impunitatis</strong></span> <span class='ocrx_word' id='word_1_155' title='bbox 1124 2771 1212 2867; x_wconf 87' lang='lat' dir='ltr'><strong>spei.</strong></span> <span class='ocrx_word' id='word_1_156' title='bbox 1265 2771 1357 2843; x_wconf 90' lang='lat' dir='ltr'><strong>Cum</strong></span> 
     </span>
     <span class='ocr_line' id='line_1_24' title="bbox 321 2882 1356 2982; baseline 0 -24"><span class='ocrx_word' id='word_1_157' title='bbox 321 2909 409 2981; x_wconf 87' lang='lat' dir='ltr'><strong>ergo</strong></span> <span class='ocrx_word' id='word_1_158' title='bbox 427 2887 470 2975; x_wconf 86' lang='lat' dir='ltr'><strong>is,</strong></span> <span class='ocrx_word' id='word_1_159' title='bbox 482 2886 546 2982; x_wconf 93' lang='lat' dir='ltr'><strong>qui</strong></span> <span class='ocrx_word' id='word_1_160' title='bbox 559 2909 660 2982; x_wconf 91' lang='lat' dir='ltr'><strong>spem</strong></span> <span class='ocrx_word' id='word_1_161' title='bbox 678 2898 717 2959; x_wconf 91' lang='lat' dir='ltr'><strong>et</strong></span> <span class='ocrx_word' id='word_1_162' title='bbox 733 2885 1054 2982; x_wconf 85' lang='lat' dir='ltr'><strong>praesumptionem</strong></span> <span class='ocrx_word' id='word_1_163' title='bbox 1068 2882 1244 2980; x_wconf 90' lang='lat' dir='ltr'><strong>peccandi</strong></span> <span class='ocrx_word' id='word_1_164' title='bbox 1256 2884 1356 2975; x_wconf 86' lang='lat' dir='ltr'><strong>facit,</strong></span> 
     </span>
     <span class='ocr_line' id='line_1_25' title="bbox 320 2996 1358 3095; baseline 0 -25"><span class='ocrx_word' id='word_1_165' title='bbox 320 2997 455 3093; x_wconf 91' lang='lat' dir='ltr'><strong>inipso</strong></span> <span class='ocrx_word' id='word_1_166' title='bbox 474 2999 625 3071; x_wconf 88' lang='lat' dir='ltr'><strong>crimine</strong></span> <span class='ocrx_word' id='word_1_167' title='bbox 643 3010 785 3095; x_wconf 87' lang='lat' dir='ltr'><strong>partem</strong></span> <span class='ocrx_word' id='word_1_168' title='bbox 803 2999 924 3087; x_wconf 90' lang='lat' dir='ltr'><strong>habet,</strong></span> <span class='ocrx_word' id='word_1_169' title='bbox 943 3009 1071 3071; x_wconf 87' lang='lat' dir='ltr'><strong>contra</strong></span> <span class='ocrx_word' id='word_1_170' title='bbox 1097 2996 1277 3070; x_wconf 91' lang='lat' dir='ltr'><strong>rationem</strong></span> <span class='ocrx_word' id='word_1_171' title='bbox 1303 3012 1358 3070; x_wconf 87' lang='lat' dir='ltr'><strong>est</strong></span> 
     </span>
     <span class='ocr_line' id='line_1_26' title="bbox 319 3111 927 3185; baseline 0.002 -2"><span class='ocrx_word' id='word_1_172' title='bbox 319 3121 362 3183; x_wconf 92' lang='lat' dir='ltr'><strong>ut</strong></span> <span class='ocrx_word' id='word_1_173' title='bbox 379 3121 499 3183; x_wconf 91' lang='lat' dir='ltr'><strong>totum</strong></span> <span class='ocrx_word' id='word_1_174' title='bbox 516 3111 554 3184; x_wconf 93' lang='lat' dir='ltr'><strong>in</strong></span> <span class='ocrx_word' id='word_1_175' title='bbox 572 3124 734 3185; x_wconf 88' lang='lat' dir='ltr'><strong>actorem</strong></span> <span class='ocrx_word' id='word_1_176' title='bbox 751 3111 927 3185; x_wconf 84' lang='lat' dir='ltr'><strong>conferat.</strong></span> 
     </span>
    </p>

    <p class='ocr_par' dir='ltr' id='par_1_9' title="bbox 318 3223 1358 4224">
     <span class='ocr_line' id='line_1_27' title="bbox 371 3223 1358 3322; baseline 0 -26"><span class='ocrx_word' id='word_1_177' title='bbox 371 3223 482 3297; x_wconf 77' lang='lat' dir='ltr'><strong>Quod</strong></span> <span class='ocrx_word' id='word_1_178' title='bbox 492 3248 515 3296; x_wconf 90' lang='lat' dir='ltr'><strong>a</strong></span> <span class='ocrx_word' id='word_1_179' title='bbox 527 3224 649 3297; x_wconf 89' lang='lat' dir='ltr'><strong>subita</strong></span> <span class='ocrx_word' id='word_1_180' title='bbox 658 3226 825 3322; x_wconf 87' lang='lat' dir='ltr'><strong>passione</strong></span> <span class='ocrx_word' id='word_1_181' title='bbox 837 3225 965 3314; x_wconf 90' lang='lat' dir='ltr'><strong>oritur,</strong></span> <span class='ocrx_word' id='word_1_182' title='bbox 979 3248 1089 3320; x_wconf 88' lang='lat' dir='ltr'><strong>quam</strong></span> <span class='ocrx_word' id='word_1_183' title='bbox 1103 3223 1200 3319; x_wconf 92' lang='lat' dir='ltr'><strong>quod</strong></span> <span class='ocrx_word' id='word_1_184' title='bbox 1213 3248 1236 3296; x_wconf 92' lang='lat' dir='ltr'><strong>a</strong></span> <span class='ocrx_word' id='word_1_185' title='bbox 1247 3224 1358 3320; x_wconf 84' lang='lat' dir='ltr'><strong>longa</strong></span> 
     </span>
     <span class='ocr_line' id='line_1_28' title="bbox 319 3338 1356 3428; baseline -0.001 -18"><span class='ocrx_word' id='word_1_186' title='bbox 319 3338 571 3428; x_wconf 88' lang='lat' dir='ltr'><strong>meditatione,</strong></span> <span class='ocrx_word' id='word_1_187' title='bbox 583 3339 702 3413; x_wconf 92' lang='lat' dir='ltr'><strong>minus</strong></span> <span class='ocrx_word' id='word_1_188' title='bbox 720 3341 858 3413; x_wconf 89' lang='lat' dir='ltr'><strong>crimen</strong></span> <span class='ocrx_word' id='word_1_189' title='bbox 869 3350 948 3423; x_wconf 90' lang='lat' dir='ltr'><strong>est;</strong></span> <span class='ocrx_word' id='word_1_190' title='bbox 975 3338 1049 3410; x_wconf 92' lang='lat' dir='ltr'><strong>illic</strong></span> <span class='ocrx_word' id='word_1_191' title='bbox 1067 3338 1164 3410; x_wconf 88' lang='lat' dir='ltr'><strong>enim</strong></span> <span class='ocrx_word' id='word_1_192' title='bbox 1181 3338 1283 3410; x_wconf 90' lang='lat' dir='ltr'><strong>locus</strong></span> <span class='ocrx_word' id='word_1_193' title='bbox 1300 3349 1356 3410; x_wconf 88' lang='lat' dir='ltr'><strong>est</strong></span> 
     </span>
     <span class='ocr_line' id='line_1_29' title="bbox 319 3450 1356 3548; baseline -0.001 -26"><span class='ocrx_word' id='word_1_194' title='bbox 319 3450 569 3523; x_wconf 87' lang='lat' dir='ltr'><strong>extenuationi</strong></span> <span class='ocrx_word' id='word_1_195' title='bbox 587 3475 696 3548; x_wconf 91' lang='lat' dir='ltr'><strong>super</strong></span> <span class='ocrx_word' id='word_1_196' title='bbox 720 3453 888 3525; x_wconf 88' lang='lat' dir='ltr'><strong>humanae</strong></span> <span class='ocrx_word' id='word_1_197' title='bbox 915 3462 1056 3523; x_wconf 88' lang='lat' dir='ltr'><strong>naturae</strong></span> <span class='ocrx_word' id='word_1_198' title='bbox 1074 3450 1240 3523; x_wconf 90' lang='lat' dir='ltr'><strong>omnibus</strong></span> <span class='ocrx_word' id='word_1_199' title='bbox 1258 3472 1356 3522; x_wconf 93' lang='lat' dir='ltr'><strong>com-</strong></span> 
     </span>
     <span class='ocr_line' id='line_1_30' title="bbox 319 3562 1357 3659; baseline 0 -24"><span class='ocrx_word' id='word_1_200' title='bbox 319 3587 467 3636; x_wconf 88' lang='lat' dir='ltr'><strong>munem</strong></span> <span class='ocrx_word' id='word_1_201' title='bbox 495 3562 769 3650; x_wconf 69' lang='lat' dir='ltr'><strong>infirmitatem</strong></span> <span class='ocrx_word' id='word_1_202' title='bbox 795 3565 861 3638; x_wconf 90' lang='lat' dir='ltr'><strong>sed</strong></span> <span class='ocrx_word' id='word_1_203' title='bbox 883 3565 946 3659; x_wconf 94' lang='lat' dir='ltr'><strong>qui</strong></span> <span class='ocrx_word' id='word_1_204' title='bbox 973 3562 1148 3637; x_wconf 90' lang='lat' dir='ltr'><strong>meditato</strong></span> <span class='ocrx_word' id='word_1_205' title='bbox 1168 3563 1270 3652; x_wconf 84' lang='lat' dir='ltr'><strong>facit,</strong></span> <span class='ocrx_word' id='word_1_206' title='bbox 1288 3562 1357 3635; x_wconf 85' lang='lat' dir='ltr'><strong>cir-</strong></span> 
     </span>
     <span class='ocr_line' id='line_1_31' title="bbox 319 3676 1357 3774; baseline -0.001 -25"><span class='ocrx_word' id='word_1_207' title='bbox 319 3676 533 3772; x_wconf 81' lang='lat' dir='ltr'><strong>cumspexit,</strong></span> <span class='ocrx_word' id='word_1_208' title='bbox 552 3677 677 3750; x_wconf 89' lang='lat' dir='ltr'><strong>oculos</strong></span> <span class='ocrx_word' id='word_1_209' title='bbox 703 3678 860 3774; x_wconf 91' lang='lat' dir='ltr'><strong>conjecit</strong></span> <span class='ocrx_word' id='word_1_210' title='bbox 876 3677 915 3748; x_wconf 92' lang='lat' dir='ltr'><strong>iu</strong></span> <span class='ocrx_word' id='word_1_211' title='bbox 933 3677 1062 3771; x_wconf 87' lang='lat' dir='ltr'><strong>legem,</strong></span> <span class='ocrx_word' id='word_1_212' title='bbox 1081 3676 1118 3748; x_wconf 91' lang='lat' dir='ltr'><strong>in</strong></span> <span class='ocrx_word' id='word_1_213' title='bbox 1143 3699 1300 3771; x_wconf 87' lang='lat' dir='ltr'><strong>poenam,</strong></span> <span class='ocrx_word' id='word_1_214' title='bbox 1318 3687 1357 3748; x_wconf 90' lang='lat' dir='ltr'><strong>et</strong></span> 
     </span>
     <span class='ocr_line' id='line_1_32' title="bbox 319 3788 1355 3884; baseline 0.001 -24"><span class='ocrx_word' id='word_1_215' title='bbox 319 3789 357 3860; x_wconf 93' lang='lat' dir='ltr'><strong>in</strong></span> <span class='ocrx_word' id='word_1_216' title='bbox 388 3788 561 3861; x_wconf 88' lang='lat' dir='ltr'><strong>damnum</strong></span> <span class='ocrx_word' id='word_1_217' title='bbox 595 3789 762 3863; x_wconf 87' lang='lat' dir='ltr'><strong>societati</strong></span> <span class='ocrx_word' id='word_1_218' title='bbox 788 3790 957 3862; x_wconf 82' lang='lat' dir='ltr'><strong>humanae</strong></span> <span class='ocrx_word' id='word_1_219' title='bbox 986 3800 1247 3884; x_wconf 88' lang='lat' dir='ltr'><strong>sequuturum;</strong></span> <span class='ocrx_word' id='word_1_220' title='bbox 1273 3812 1355 3883; x_wconf 88' lang='lat' dir='ltr'><strong>quae</strong></span> 
     </span>
     <span class='ocr_line' id='line_1_33' title="bbox 319 3900 1356 3997; baseline -0.002 -22"><span class='ocrx_word' id='word_1_221' title='bbox 319 3903 441 3975; x_wconf 91' lang='lat' dir='ltr'><strong>omnia</strong></span> <span class='ocrx_word' id='word_1_222' title='bbox 457 3902 565 3974; x_wconf 93' lang='lat' dir='ltr'><strong>simul</strong></span> <span class='ocrx_word' id='word_1_223' title='bbox 582 3903 801 3997; x_wconf 90' lang='lat' dir='ltr'><strong>contempsit</strong></span> <span class='ocrx_word' id='word_1_224' title='bbox 818 3913 856 3974; x_wconf 90' lang='lat' dir='ltr'><strong>et</strong></span> <span class='ocrx_word' id='word_1_225' title='bbox 873 3901 1066 3997; x_wconf 89' lang='lat' dir='ltr'><strong>cupiditati</strong></span> <span class='ocrx_word' id='word_1_226' title='bbox 1082 3900 1240 3996; x_wconf 84' lang='lat' dir='ltr'><strong>propriae</strong></span> <span class='ocrx_word' id='word_1_227' title='bbox 1256 3910 1356 3997; x_wconf 90' lang='lat' dir='ltr'><strong>post-</strong></span> 
     </span>
     <span class='ocr_line' id='line_1_34' title="bbox 318 4013 1355 4111; baseline 0 -24"><span class='ocrx_word' id='word_1_228' title='bbox 318 4015 453 4110; x_wconf 88' lang='lat' dir='ltr'><strong>posuit.</strong></span> <span class='ocrx_word' id='word_1_229' title='bbox 504 4015 767 4087; x_wconf 88' lang='lat' dir='ltr'><strong>Verumtamen</strong></span> <span class='ocrx_word' id='word_1_230' title='bbox 788 4014 908 4111; x_wconf 88' lang='lat' dir='ltr'><strong>passio</strong></span> <span class='ocrx_word' id='word_1_231' title='bbox 933 4013 1034 4085; x_wconf 89' lang='lat' dir='ltr'><strong>nulla</strong></span> <span class='ocrx_word' id='word_1_232' title='bbox 1056 4013 1109 4087; x_wconf 91' lang='lat' dir='ltr'><strong>ita</strong></span> <span class='ocrx_word' id='word_1_233' title='bbox 1134 4013 1254 4087; x_wconf 90' lang='lat' dir='ltr'><strong>subita</strong></span> <span class='ocrx_word' id='word_1_234' title='bbox 1278 4038 1355 4087; x_wconf 87' lang='lat' dir='ltr'><strong>esse</strong></span> 
     </span>
     <span class='ocr_line' id='line_1_35' title="bbox 318 4127 1355 4224; baseline 0.001 -24"><span class='ocrx_word' id='word_1_235' title='bbox 318 4139 451 4224; x_wconf 85' lang='lat' dir='ltr'><strong>potest,</strong></span> <span class='ocrx_word' id='word_1_236' title='bbox 478 4138 520 4200; x_wconf 91' lang='lat' dir='ltr'><strong>ut</strong></span> <span class='ocrx_word' id='word_1_237' title='bbox 545 4127 709 4200; x_wconf 87' lang='lat' dir='ltr'><strong>totaliter</strong></span> <span class='ocrx_word' id='word_1_238' title='bbox 735 4138 894 4199; x_wconf 87' lang='lat' dir='ltr'><strong>excuset.</strong></span> <span class='ocrx_word' id='word_1_239' title='bbox 948 4127 1044 4199; x_wconf 91' lang='lat' dir='ltr'><strong>Nam</strong></span> <span class='ocrx_word' id='word_1_240' title='bbox 1074 4138 1228 4223; x_wconf 79' lang='lat' dir='ltr'><strong>tempuS,</strong></span> <span class='ocrx_word' id='word_1_241' title='bbox 1256 4128 1355 4224; x_wconf 92' lang='lat' dir='ltr'><strong>quod</strong></span> 
     </span>
    </p>
   </div>
   <div class='ocr_carea' id='block_1_6' title="bbox 318 4241 1353 4338">
    <p class='ocr_par' dir='ltr' id='par_1_10' title="bbox 318 4241 1353 4338">
     <span class='ocr_line' id='line_1_36' title="bbox 318 4241 1353 4338; baseline -0.002 -22"><span class='ocrx_word' id='word_1_242' title='bbox 318 4243 512 4316; x_wconf 89' lang='lat' dir='ltr'><strong>intercedit</strong></span> <span class='ocrx_word' id='word_1_243' title='bbox 536 4243 631 4317; x_wconf 90' lang='lat' dir='ltr'><strong>inter</strong></span> <span class='ocrx_word' id='word_1_244' title='bbox 654 4242 745 4338; x_wconf 80' lang='lat' dir='ltr'><strong>legis</strong></span> <span class='ocrx_word' id='word_1_245' title='bbox 760 4241 1006 4338; x_wconf 84' lang='lat' dir='ltr'><strong>cognitionem</strong></span> <span class='ocrx_word' id='word_1_246' title='bbox 1023 4251 1061 4314; x_wconf 89' lang='lat' dir='ltr'><strong>et</strong></span> <span class='ocrx_word' id='word_1_247' title='bbox 1078 4241 1239 4315; x_wconf 88' lang='lat' dir='ltr'><strong>criminis</strong></span> <span class='ocrx_word' id='word_1_248' title='bbox 1256 4266 1353 4315; x_wconf 92' lang='lat' dir='ltr'><strong>com·</strong></span> 
     </span>
    </p>
   </div>
   <div class='ocr_carea' id='block_1_7' title="bbox 0 0 1468 4980">
    <p class='ocr_par' dir='ltr' id='par_1_11' title="bbox 0 0 1468 4980">
     <span class='ocr_line' id='line_1_37' title="bbox 0 0 1468 4980; baseline 0 1"><span class='ocrx_word' id='word_1_249' title='bbox 0 0 1468 4980; x_wconf 95' lang='lat' dir='ltr'><strong> </strong></span> 
     </span>
    </p>
   </div>
  </div>
 </body>
</html>
