2926 4980
336 387 390 439 on
410 388 605 441 crvrrnru
625 386 894 441 cnnrsrrnnn.
1062 371 1134 437 445

94 577 301 663 argentum,
331 577 426 649 etc.;
463 591 511 639 en
540 566 700 653 inutiles,
727 578 770 640 ut
798 568 952 662 lignum,
983 565 1135 656 foenum,
1150 587 1227 638 cnr.
1247 585 1348 634 xrrrr.

95 692 188 764 etc.;
215 692 304 752 tunc
332 689 468 768 autem,
492 679 555 774 qui
581 703 690 776 snper
712 680 993 753 fundamentum
1010 702 1136 752 verum
1152 664 1352 783 ffiffi„

95 795 188 868 falsa
204 804 268 865 aut
285 793 479 888 nugatoria
496 793 781 881 aedificaverunt,
800 817 844 866 ea
856 792 1034 865 videbunt
1050 815 1137 882 con-
1149 790 1352 901 fflffiffl

97 910 291 990 demnata;
327 906 396 1001 ipsi
429 918 554 979 tamen
582 906 829 995 salvabuntur,
861 916 898 978 et
929 905 1139 979 transibunt
1151 918 1341 966 ..mm

97 1045 163 1119 per
190 1021 313 1115 ignem
339 1018 438 1090 hunc
466 1019 570 1092 illaesi
597 1018 780 1091 advitam
799 1029 986 1106 aeternam,
1004 1041 1139 1091 nomen

98 1134 176 1207 veri
194 1133 263 1206 Dei
279 1132 498 1205 invocaturi.
551 1134 596 1204 ln
614 1155 686 1227 qua
711 1131 1030 1226 interpretatione,
1047 1131 1141 1204 nihil

99 1257 155 1319 est
184 1244 283 1340 quod
310 1244 397 1316 fidei
424 1244 643 1317 Christianae
668 1243 717 1316 sit
733 1244 984 1328 contrarium
1011 1244 1077 1317 sed
1093 1268 1141 1317 ne

100 1358 259 1433 scintilla
277 1357 424 1453 quidem
440 1357 656 1453 purgatorii.

151 1472 304 1545 Quaeret
319 1471 474 1544 fortasse
489 1471 631 1567 reliquie,
645 1495 692 1544 an
711 1495 815 1567 aeque
831 1471 1077 1545 necessarium
1093 1472 1142 1545 ad

101 1585 257 1658 salutem
274 1609 349 1657 non
366 1585 425 1674 sit,
437 1585 586 1657 credere
598 1584 719 1657 Deum
736 1609 818 1657 erce
834 1585 1142 1681 omnipotentem

102 1709 310 1771 creatorem
339 1698 464 1770 mundi
475 1727 490 1781 ;
515 1697 643 1770 «lesum
669 1697 856 1770 Christum
885 1698 1144 1771 resurrectae

102 1821 140 1884 et
154 1811 316 1882 homines
333 1810 372 1882 in
391 1810 453 1882 die
466 1809 594 1883 ultimo
607 1820 887 1883 resurrecturos
900 1834 982 1883 ense
999 1834 1142 1893 omnen

103 1947 146 1997 ac
164 1923 314 1996 credere
332 1923 459 1996 ‹lecum-
476 1949 559 1996 ecce
579 1925 779 1997 Christum.
829 1924 1061 2019 Respondeo,
1074 1925 1143 1997 hos

103 2062 230 2112 omnes
243 2036 450 2133 multosque
464 2037 553 2110 alios
571 2038 746 2111 articulos
759 2038 982 2111 necessarios
995 2038 1144 2134 quidem

103 2174 208 2247 aeque
226 2174 316 2238 esse,
335 2150 400 2222 sed
422 2149 517 2237 ideo,
537 2151 623 2244 quia
652 2150 690 2222 in
717 2150 780 2222 illo
803 2174 878 2223 uno
897 2151 1142 2223 eontinentur.

106 2263 197 2339 Quis
215 2263 313 2335 enirn
331 2274 397 2350 est,
418 2262 480 2357 qui
499 2286 573 2334 non
590 2262 694 2349 vidit,
712 2262 903 2335 credentes
923 2263 1048 2335 Jesum
1066 2286 1145 2335 esse

104 2377 221 2449 filium
240 2375 309 2448 Dei
326 2374 598 2470 omnipotentis
624 2375 829 2447 necessario
857 2376 964 2447 simul
995 2374 1145 2447 eredere

105 2489 225 2563 Deum
252 2512 329 2560 esse
357 2511 480 2560 rerum
506 2487 669 2560 omnium
693 2498 898 2560 creatorem
914 2488 1146 2584 omnipoten-

105 2601 205 2675 tem?
258 2602 334 2674 Aut
365 2600 549 2696 quomodo
581 2601 680 2673 credi
706 2611 838 2697 potest,
866 2603 993 2675 Jesurn
1021 2625 1146 2698 regem

107 2739 186 2788 esse
212 2715 251 2786 in
277 2726 456 2787 aetemum
474 2725 726 2809 regnaturum,
744 2714 790 2786 ab
808 2738 852 2787 eo
871 2715 933 2809 qui
950 2714 1054 2786 illum
1070 2739 1146 2788 non

107 2829 227 2904 credit
244 2827 486 2900 resurrexisse
503 2827 719 2900 amortuis?
758 2828 931 2900 Mortuus
950 2828 1048 2900 enirn
1065 2851 1147 2923 reg-

106 2967 196 3015 nare
212 2965 287 3014 non
304 2953 436 3036 potest.
490 2942 710 3036 Quicunque
728 2954 850 3015 autern
866 2941 1147 3016 fundamentum

107 3065 223 3141 tenet,
241 3052 368 3125 «lesum
386 3079 469 3127 ease
485 3053 687 3144 Christum,
706 3056 830 3128 omnia
838 3067 942 3129 tenet
961 3079 1043 3152 quae
1060 3055 1147 3128 inde

110 3165 238 3239 inferri
265 3179 428 3262 possunt,
459 3168 534 3240 sive
561 3169 734 3241 illationis
761 3168 835 3241 vim
861 3169 937 3265 ipse
962 3168 1147 3265 intelligit,

110 3281 185 3352 sive
202 3303 277 3351 non
294 3279 477 3377 intelligit.
514 3281 676 3354 Firmum
691 3305 779 3377 ergo
792 3293 906 3354 restat
919 3306 1034 3355 unum
1049 3283 1150 3355 hune

111 3392 318 3478 articulum,
336 3394 515 3467 creditum
533 3395 807 3491 poenitentibus
826 3395 875 3468 ad
900 3396 1151 3469 remissionem

110 3518 346 3602 peccatorum
372 3507 459 3580 fidei
484 3509 571 3581 satis
592 3531 682 3597 csse,
701 3519 739 3580 et
761 3508 916 3604 proinde
943 3509 1059 3581 solum
1086 3532 1150 3582 ne·

112 3640 320 3691 cessanum.

162 3731 361 3803 Ostensnm
386 3742 472 3804 ante
497 3746 567 3823 est,
585 3731 843 3822 obedientiam,
861 3744 1001 3829 quanta
1022 3733 1071 3806 ad
1096 3757 1153 3806 sa-

112 3842 227 3916 lutem
255 3853 430 3916 aeternum
460 3845 671 3940 requiritur,
690 3846 890 3927 consistere
907 3846 946 3919 in
962 3846 1154 3919 voluntate

113 3957 291 4054 implendi
307 3957 426 4054 legem
449 3957 519 4031 Dei
547 3969 728 4054 quatenus
751 3982 955 4055 possumus,
973 3959 1012 4031 id
1029 3969 1096 4047 est,
1114 3959 1154 4031 in

112 4070 331 4166 poenitentia
347 4072 591 4166 peccantium.
634 4073 833 4145 Ostensnm
851 4072 941 4144 item
958 4086 1013 4145 est
1029 4072 1153 4162 fidem,

114 4196 254 4278 quanta
270 4182 318 4255 ad
335 4181 490 4255 salutem
515 4184 720 4258 necessaria
743 4197 810 4274 est,
829 4185 1010 4258 contineri
1026 4185 1065 4257 in
1082 4185 1154 4259 hoc

114 4294 282 4386 articulo,
301 4293 412 4367 Jeeua
429 4305 487 4369 ert
508 4293 694 4370 Christus.
733 4298 832 4371 Loca
843 4298 1042 4395 Scripturae
1054 4323 1154 4372 nunc

114 4409 300 4504 proferam
325 4407 459 4504 eliqua,
482 4408 615 4505 quibus
642 4410 831 4506 probatu,
858 4411 981 4485 omnia
1014 4411 1154 4508 simpli-
