2926 4980
500 367 774 421 nncrvrrnrn.
1085 353 1153 420 221

121 533 291 623 ditioneS,
309 548 534 610 secretorum
560 537 717 610 civitatis
746 535 793 609 ad
819 536 963 608 hostem
988 534 1159 622 detectio,
1172 565 1249 614 cap
1256 563 1388 614 xxvii.

120 661 348 744 conatusque
373 673 499 722 omnes
516 661 644 722 contra
660 649 818 736 illum,
792 672 867 721 srve
883 647 1111 721 hominem
1085 671 1207 752 siren
1204 646 1342 718 *T*

120 772 258 834 coetum
260 762 338 856 ,qui
353 786 547 857 personam
557 763 653 857 gerit
664 762 840 846 civitatis;
856 762 931 835 sive
943 762 979 833 vi
990 762 1064 834 sive
1076 761 1159 834 dolo
1185 709 1241 881 ἕξει,
1240 722 1298 888 bun}
1299 786 1365 880 ἕνα

119 874 169 946 ad
183 874 462 947 diminutionem
486 900 636 949 summae
653 876 843 971 potestatis
860 876 1158 949 committantur:
1186 902 1355 947 1111111111

121 999 160 1061 et
177 1001 263 1062 sunt
281 1014 325 1062 ea
342 990 506 1076 crimina,
525 1014 605 1085 quae
623 1001 801 1061 vocantur
821 988 919 1061 laeaoe
936 991 1094 1083 majesta
1071 988 1158 1061 atis.

174 1101 267 1174 Item
295 1103 449 1174 crimina
476 1103 548 1190 illa,
568 1127 648 1198 quae
665 1103 740 1175 vim
766 1102 900 1175 tollunt
924 1101 1159 1196 judiciorum,

121 1217 262 1312 majora
279 1228 365 1288 sunt
378 1240 488 1310 quam
500 1216 642 1311 injuria:
652 1216 805 1311 privatae
820 1247 829 1299 ;
855 1226 897 1287 ut
909 1214 1088 1311 judicium
1102 1214 1161 1287 vel

121 1328 372 1400 testimonium
401 1327 533 1399 falsum
567 1328 722 1423 pecunia
755 1351 875 1400 emere
906 1327 963 1400 vel
989 1327 1159 1414 vendere,

122 1439 261 1511 crimen
286 1441 431 1535 gravius
457 1452 514 1512 est
540 1465 649 1535 quam
676 1440 890 1512 tantundem
918 1441 1084 1535 pecuniae
1114 1441 1159 1512 ab

121 1551 269 1624 homine
282 1554 425 1648 privato
443 1554 572 1626 fraude
591 1555 743 1650 eripere.
771 1554 855 1625 Non
870 1554 967 1625 enim
985 1554 1159 1625 damnum

121 1691 144 1738 1
169 1666 271 1738 falsis
298 1665 446 1761 judiciis
476 1667 614 1739 civibus
643 1667 793 1761 singulis
821 1678 965 1738 tantum
993 1669 1061 1750 fit;
1096 1665 1161 1739 sed

121 1780 233 1852 etiam
261 1780 341 1875 ipsa
363 1779 502 1874 judicia
527 1779 730 1851 redduntur
756 1779 920 1862 inutilia;
948 1791 985 1851 et
1008 1780 1159 1875 privatis

121 1892 333 1979 ultionibuS,
353 1903 390 1964 et
415 1891 564 1964 tandem
587 1892 682 1964 bello
709 1893 893 1985 praebetur
919 1891 1019 1964 color
1040 1904 1076 1964 et
1094 1918 1159 1988 op-

119 2007 339 2102 portunitas.

172 2120 266 2191 Item
293 2119 522 2216 depeculatio
548 2119 709 2191 thesauri
732 2119 867 2214 publici
886 2120 1023 2191 crimen
1042 2122 1158 2214 majus

120 2244 178 2304 est
212 2256 322 2327 quam
354 2232 493 2304 furtum
519 2231 576 2302 vel
602 2231 831 2304 defraudatio
866 2232 1033 2327 privata;
1073 2256 1158 2303 nam

119 2345 308 2418 civitatem
326 2345 493 2441 spoliare,
511 2346 646 2417 multos
663 2345 769 2416 simul
780 2346 936 2440 spoliare
954 2357 1021 2416 est.

172 2458 368 2530 Ministerii
382 2457 517 2553 publici
530 2458 717 2551 usurpatio
730 2457 833 2546 falsa,
852 2458 939 2529 item
957 2457 1158 2553 sigillorum

120 2571 351 2667 publicorum
377 2570 435 2642 vel
460 2582 618 2642 monetae
645 2570 803 2642 civitatis
830 2570 1024 2658 simulati0,
1043 2572 1159 2665 majus

121 2685 261 2756 crimen
288 2695 343 2755 est
370 2708 479 2778 quam
504 2682 673 2754 simulare
700 2682 857 2778 sigillum
882 2683 940 2754 vel
965 2707 1158 2779 personam

121 2797 280 2869 hominis
291 2796 439 2892 privati:
459 2796 632 2867 damnum
646 2797 743 2868 enim
755 2796 800 2868 ab
818 2796 1013 2868 illiusmodi
1031 2795 1158 2869 fraude

120 2910 282 3007 pertinet
299 2909 347 2981 ad
358 2908 502 2980 multos.

172 3024 367 3094 Factorum
398 3035 527 3094 contra
556 3021 666 3117 legeS,
698 3021 828 3116 quibus
853 3021 1037 3094 laeduntur
1062 3023 1158 3094 cives

120 3135 266 3231 privati,
279 3135 416 3206 crimen
431 3133 520 3205 illud
530 3135 647 3228 majus
658 3145 724 3217 est,
737 3136 839 3229 cujus
854 3134 1028 3206 damnum
1042 3136 1157 3231 magis

122 3261 178 3322 est
204 3248 383 3320 sensibile.
436 3248 483 3319 Et
506 3247 672 3342 proinde,
692 3248 859 3319 occidere
880 3260 1010 3320 contra
1026 3248 1157 3343 legem,

122 3362 260 3434 crimen
285 3361 432 3455 gravius
458 3370 513 3431 est
540 3384 648 3455 quam
674 3360 745 3431 alia
771 3360 914 3455 injuria,
941 3361 1040 3433 salva
1069 3362 1156 3451 vita,

122 3499 372 3571 quaecumque.
429 3474 477 3546 Et
504 3474 697 3562 mutilatio,
724 3475 842 3568 majus
877 3475 1014 3547 crimen
1049 3499 1158 3569 quam

120 3591 301 3661 bonorum
319 3587 470 3680 ereptio.
521 3586 568 3658 Et
584 3587 764 3658 bonorum
792 3588 930 3683 ereptio
947 3612 1013 3683 per
1029 3590 1157 3662 mortis

122 3714 160 3776 ct
171 3701 363 3773 vulnerum
381 3700 671 3786 intentationem,
690 3701 805 3794 majus
816 3701 954 3772 crimen
966 3726 1074 3796 quam
1091 3726 1158 3798 per

121 3815 389 3911 surreptionem
420 3812 705 3885 clandestinam:
732 3825 770 3884 et
799 3838 863 3908 per
892 3814 1157 3886 clandestinam

121 3929 398 4025 surreptionem,
417 3950 525 4022 quam
543 3950 609 4022 per
627 3950 843 3999 consensum
859 3927 987 3998 fraude
1001 3928 1156 4021 acquisi-

120 4052 211 4115 tum.
239 4044 344 4129 Item,
355 4040 504 4113 violatio
518 4039 704 4135 pudicitia:
716 4065 782 4136 per
792 4042 878 4129 vim,
889 4043 1004 4136 majus
1019 4043 1156 4114 crimen

122 4180 230 4251 quam
255 4180 321 4252 per
350 4154 570 4227 blanditias:
598 4164 635 4226 et
661 4156 777 4249 majus
806 4154 938 4242 adhuc,
966 4155 995 4226 si
1030 4167 1155 4250 nupta,

122 4293 230 4364 quam
247 4270 279 4342 si
295 4269 451 4364 innupta
467 4268 633 4341 violetur.

171 4384 294 4479 Atque
319 4382 399 4454 haec
427 4380 481 4455 111
510 4380 739 4458 :estimantur
766 4379 906 4476 vulgo:
948 4404 1156 4477 quanquam
