2926 4980
362 396 417 447 nn
437 394 629 449 crvrrars
649 394 917 447 cnmsrmnn.
1087 378 1161 445 363

123 567 211 639 bere
236 563 423 637 adorando
450 564 611 653 obedire,
637 573 726 636 tunc
747 563 818 635 sibi
834 561 1017 659 permittit
1043 571 1080 635 et
1099 563 1159 658 jus
1181 593 1259 646 cm.
1273 591 1361 642 χιιι.

124 678 286 776 postulat
309 677 408 774 quod
431 677 511 751 aliis
533 687 670 774 negat:
698 675 796 771 quod
813 688 870 749 est
887 675 1007 748 verbis
1033 675 1162 748 Serva-

126 794 217 866 toris
229 794 347 865 nostri
364 792 600 880 contrarium,
615 790 784 879 dicentis,
798 790 951 882 (Lucri.
965 790 1046 881 31),
1060 788 1163 885 quic-

127 906 223 1003 quid
249 905 361 977 cultis
391 915 435 977 ut
450 904 612 1000 saciant
645 902 748 975 vodis
774 901 947 991 homines,
975 901 1019 974 id
1034 901 1165 1000 facite

129 1018 208 1091 illis
220 1047 234 1102 ;
261 1030 299 1090 et
326 1028 454 1091 contra
482 1017 602 1112 legem
632 1028 787 1104 naturae,
815 1039 897 1112 quae
926 1026 984 1088 est
1009 1014 1069 1086 lex
1094 1013 1164 1087 Dei

129 1144 267 1205 aeterna
298 1142 335 1202 et
361 1129 579 1217 indubitata,
607 1154 653 1202 ne
667 1128 808 1226 focius
825 1127 953 1216 alteri,
979 1127 1081 1225 quod
1095 1126 1165 1200 titi

117 1244 215 1338 fieri
231 1267 302 1316 non
317 1241 385 1315 oia.
933 1225 940 1243 ’

180 1355 281 1429 Quid
299 1378 386 1451 ergo
404 1353 567 1426 dicemus
586 1353 632 1426 de
659 1353 879 1450 martyribus
892 1353 963 1427 illis
982 1352 1164 1440 omnibus

132 1471 177 1544 de
202 1470 334 1566 quibus
359 1468 517 1564 legimus
542 1467 582 1540 in
607 1466 769 1540 historiis
800 1466 951 1562 aliisque
976 1465 1165 1562 legendis?

131 1585 203 1672 An,
222 1582 321 1679 quod
345 1581 440 1654 vitas
470 1605 552 1654 suas
575 1580 653 1653 sine
672 1579 889 1652 necessitate
905 1580 1165 1675 projecerunt?

132 1696 458 1793 Respondebimus,
475 1694 653 1783 homines,
672 1694 735 1790 qui
746 1693 933 1789 religionis
946 1716 1056 1766 causa
1069 1692 1167 1765 occi-

133 1811 164 1883 si
180 1821 278 1894 sunt,
304 1808 580 1904 distinguendos
605 1831 695 1881 esse.
745 1807 881 1880 Eorum
906 1808 1016 1894 enim,
1040 1807 1103 1880 alii
1120 1806 1168 1880 ad

132 1921 407 2021 praedicandum
431 1923 555 1995 vocati
581 1934 618 1994 et
643 1921 744 1993 missi
768 1922 925 2011 fuerant,
949 1934 988 1995 et
1013 1944 1169 2017 regnum

135 2037 272 2110 Christi
287 2036 408 2131 palam
424 2035 589 2130 profiteri
612 2035 651 2106 iu
675 2056 713 2106 se
734 2047 968 2129 receperant:
1008 2033 1069 2106 aiii
1088 2057 1170 2106 rur-

135 2172 196 2221 sus
212 2149 333 2221 vocati
350 2170 425 2220 non
443 2157 559 2232 erant,
572 2169 690 2241 neque
704 2144 750 2218 ab
763 2145 807 2218 iis
824 2146 1079 2241 requirebatur
1095 2170 1172 2219 am·

134 2261 229 2357 plius
249 2285 359 2356 quam
377 2283 443 2332 sua
460 2260 634 2354 cujusque
651 2257 742 2330 fides
756 2259 916 2354 propria.
968 2259 1123 2348 Priores,
1141 2259 1172 2332 si

135 2387 292 2447 mortem
318 2373 414 2468 passi
437 2383 521 2445 sunt
542 2396 585 2444 eo
610 2370 767 2460 nomine,
786 2371 884 2466 quod
901 2372 985 2444 huic
1003 2372 1171 2462 articulo,

136 2488 262 2560 Jesum
297 2512 319 2559 a
352 2497 472 2559 morte
507 2486 764 2558 resuscitatum
798 2509 889 2575 esse,
923 2487 1173 2560 testimonium

138 2601 386 2697 praebuerunt,
405 2609 582 2695 martyres
595 2598 741 2694 proprie
755 2597 844 2672 dicti
861 2611 977 2673 erant.
1030 2599 1175 2696 Martyr

139 2714 235 2786 enim
251 2712 386 2786 Christi
402 2713 548 2808 proprie
563 2720 618 2784 est
633 2710 707 2799 ille,
722 2713 784 2807 qui
797 2714 1074 2786 resurrectionis
1086 2714 1176 2786 Jesu

140 2827 278 2898 Christi
295 2824 398 2898 testis
415 2836 491 2907 est;
517 2824 555 2896 id
573 2823 673 2920 quod
691 2824 817 2897 testari
833 2849 942 2898 nemo
959 2827 1091 2922 potuit,
1105 2827 1176 2899 nisi

140 2940 202 3034 qui
230 2949 392 3011 versatus
420 2960 504 3008 cum
527 2960 570 3008 eo
595 2946 675 3008 erat
691 2936 731 3008 in
747 2948 857 3026 terra,
876 2949 940 3010 aut
955 2949 1040 3034 post
1056 2963 1170 3012 resur-

139 3053 340 3124 rectionem
358 3051 435 3144 ejus
453 3049 556 3122 illum
573 3048 726 3122 viderat.
765 3050 912 3124 Testem
929 3054 1026 3126 enim
1043 3053 1177 3127 vidisse

140 3176 287 3259 oportet
313 3163 409 3259 quod
435 3173 615 3246 testatur;
650 3163 787 3263 alioqui
815 3167 1063 3240 testimonium
1098 3171 1177 3266 ejus

140 3275 313 3348 idoneum
327 3300 401 3348 non
416 3286 482 3348 est.
510 3276 621 3349 Quod
637 3289 761 3349 autem
774 3278 835 3350 alii
849 3293 1028 3376 martyres
1042 3282 1179 3355 Christi

141 3388 287 3485 proprie
304 3412 380 3461 non
397 3389 481 3476 sint,
499 3387 733 3461 manifestum
760 3402 817 3462 est
837 3415 882 3464 ex
904 3395 1025 3466 verbis
1053 3395 1179 3468 Sancti

143 3500 241 3573 Petri
261 3501 359 3589 (Act.
378 3502 402 3573 i.
422 3511 483 3589 21,
500 3503 589 3592 22):
644 3500 803 3598 Oportet
821 3526 914 3601 ergo
933 3530 980 3578 ea
997 3506 1056 3578 Iris
1073 3507 1179 3597 viris,

142 3613 207 3711 qui
220 3612 406 3686 nobiscum
419 3623 504 3686 sunt
517 3613 755 3710 congregati,
771 3613 918 3688 inomni
932 3627 1096 3716 tempore
1109 3644 1180 3717 quo

143 3725 299 3798 intro-vit
327 3737 365 3798 et
391 3727 505 3799 euicit
533 3728 632 3799 inter
653 3751 720 3798 nos
747 3727 926 3803 Dominus
947 3730 1070 3821 Jecur,
1088 3734 1181 3806 inci-

135 3837 250 3936 piens
276 3863 300 3909 α
328 3836 553 3945 baptismate
577 3837 762 3911 «lobannis
783 3865 899 3939 usque
920 3844 957 3917 ia
986 3845 1082 3918 diem
1105 3871 1181 3944 qua

143 3960 355 4047 assumptus
372 3960 430 4023 est
447 3976 472 4022 a
499 3951 615 4041 nohis,
634 3962 764 4026 testem
785 3958 1074 4030 resurrectionis
1100 3961 1182 4054 ejus

143 4061 329 4135 nobiscum
336 4063 432 4157 fieri
449 4087 555 4135 unum
573 4089 620 4137 ex
637 4064 736 4138 istis.
773 4068 845 4140 Ubi
861 4070 1052 4164 perspicue
1069 4070 1182 4166 signi·

143 4174 288 4261 fleatur,
324 4176 387 4271 qui
414 4174 551 4248 Christi
576 4179 853 4253 resurrectionis
876 4183 980 4255 testis
1006 4198 1073 4274 est,
1093 4208 1182 4257 eun·

145 4285 228 4361 dem
246 4300 415 4383 oportere
434 4289 620 4362 Christum
637 4290 781 4378 vidisse,
806 4305 844 4366 et
860 4318 926 4389 per
943 4320 1181 4395 consequens

1201 673 1345 710 var-⁴

1198 737 1233 781 Da
1242 739 1348 795 potestate

1199 800 1354 847 acteonem.

1240 4566 1393 4706 t·
