2926 4980
318 340 393 413 410
559 356 612 407 oa
632 356 825 408 crvmnrn
844 358 1114 412 cantamina.

115 523 416 622 ,=,.·‚x1,n,quod
449 520 486 594 in
526 520 741 597 Christianis
778 523 948 598 dominiis
988 535 1208 621 potestatem
1241 525 1359 600 hahet

141 656 168 673 “
199 656 211 679 ·
234 642 276 667 ‘⁵‘
318 638 416 731 leges
433 633 627 721 condendi,
639 635 794 732 illosque
807 637 983 734 puniendi
997 638 1060 734 qui
1077 637 1159 715 illas
1168 649 1359 734 transgre-

131 716 285 827 limi
318 750 485 823 dicutur:
513 748 670 835 tertiam,
690 750 921 823 Servatorem
939 764 1107 824 nostrum
1125 749 1357 846 jurisdictio-

318 886 402 937 nem
412 860 694 935 ecclesiasticam
706 886 852 935 omnem
867 862 906 936 in
919 863 1132 959 pontificem
1144 863 1356 938 Romanum

318 973 526 1050 contulisse.

366 1089 436 1161 Pro
465 1084 688 1181 judiciorum
715 1086 900 1183 papalium
934 1087 1204 1179 infallibilitate,
1235 1090 1357 1166 multa

315 1201 465 1277 adducit
482 1200 681 1296 Scripturae
698 1201 780 1274 loca
794 1229 802 1271 ε
821 1202 991 1297 primum,
1007 1202 1095 1275 Luc.
1106 1202 1193 1276 xxii.
1205 1210 1266 1291 31,
1278 1213 1353 1279 32:

316 1315 453 1403 Simon,
472 1311 609 1403 Simon,
622 1339 720 1402 ecee,
738 1313 906 1387 Satanae
925 1315 1029 1413 petit
1046 1339 1121 1403 uos,
1139 1324 1179 1387 ot
1196 1315 1356 1389 ventilet

315 1426 413 1499 sicut
432 1425 625 1507 triticam:
651 1425 722 1499 sed
746 1451 817 1525 ego
836 1436 1023 1526 precatae
1046 1450 1125 1499 sam
1141 1450 1219 1524 pro
1237 1437 1288 1519 te,
1306 1454 1354 1503 rte

316 1539 579 1635 deficiotfidea
598 1548 687 1613 tua:
707 1549 747 1613 ta
766 1539 898 1638 igitur,
917 1539 1123 1636 aliquando
1140 1563 1351 1633 conversus,

314 1650 620 1749 stabilifratres.
646 1654 700 1725 Ex
712 1675 786 1747 quo
800 1652 881 1726 loco
893 1652 1135 1727 Bellarminus
1149 1653 1352 1746 concludit,

315 1765 501 1839 Christum
520 1765 661 1839 Simoni
678 1767 785 1839 Petro
804 1764 877 1839 duo
895 1766 1118 1840 concessisse
1135 1765 1351 1863 privilegia;

314 1901 440 1964 unum,
468 1878 566 1975 quod
583 1903 651 1952 nec
676 1878 755 1975 ipse
784 1903 853 1953 nec
881 1902 1108 1954 successores
1136 1880 1214 1976 ejus
1245 1880 1351 1976 quic-

314 2014 438 2086 quam,
472 1991 532 2065 vel
571 1992 610 2064 in
641 1991 715 2065 fide
747 1992 806 2064 vel
837 1992 875 2063 in
909 1992 1072 2065 moribus
1105 1991 1250 2080 falsum,
1284 2004 1355 2067 aut

313 2104 466 2201 alicujus
494 2129 599 2201 papae
630 2104 834 2179 definitioni
867 2106 1105 2192 contrarium,
1139 2105 1349 2180 definirent.

314 2218 388 2291 Sed
404 2219 505 2292 locus
517 2218 577 2291 ille
589 2229 689 2292 totus
702 2218 879 2292 attentius
893 2217 1180 2292 considerandus
1191 2229 1258 2307 est,
1271 2219 1349 2315 qui,

313 2343 355 2403 ut
380 2331 470 2404 mihi
487 2331 642 2418 videtur,
661 2331 886 2405 contrarium
902 2333 1035 2427 probat
1051 2335 1129 2428 ejus
1146 2331 1245 2428 quod
1261 2356 1350 2428 pro·

312 2444 439 2518 batum
452 2444 513 2517 ille
525 2444 647 2517 vellet.
700 2444 918 2518 Sacerdotes
932 2457 971 2518 ct
988 2446 1117 2518 scribae
1135 2444 1346 2520 Servatoris

312 2559 428 2632 nostri
440 2560 478 2632 in
491 2559 584 2633 festo
602 2557 751 2631 Paschae
762 2558 953 2632 occidendi
966 2558 1158 2632 consilium
1175 2558 1350 2645 inierant,

312 2694 420 2766 quem
452 2671 567 2745 Judas
592 2672 702 2744 etiam
730 2672 807 2765 jam
832 2670 904 2743 illis
928 2670 1084 2767 prodere
1114 2670 1348 2745 deliberarat.

311 2784 423 2856 Venit
448 2796 569 2857 autem
597 2784 646 2856 ad
675 2783 810 2856 festum
836 2783 1013 2873 Christus,
1040 2795 1181 2858 etcum
1208 2784 1351 2858 Pascha

313 2921 386 2970 una
400 2922 484 2970 cum
498 2897 684 2994 Apostolis
697 2897 908 2984 celebraret,
923 2895 1016 2969 dixit
1029 2896 1099 2970 illis
1109 2897 1243 2970 festum
1256 2897 1350 2973 illud

312 3034 350 3083 se
367 3012 501 3083 iterum
527 3011 794 3084 celebraturum
811 3034 887 3084 non
904 3033 995 3100 esse,
1014 3020 1212 3106 antequam
1229 3011 1351 3084 venis·

313 3136 370 3197 set
387 3147 540 3219 regnum
558 3124 648 3207 Dei;
675 3123 769 3196 dixit
785 3123 897 3195 etiam
914 3132 956 3195 ut
966 3123 1012 3196 ab
1029 3147 1104 3197 uno
1118 3147 1245 3197 eorum
1263 3148 1331 3219 pro

312 3238 472 3311 deretur.
510 3239 603 3312 Cum
615 3237 727 3333 igitur
737 3236 894 3332 apostoli
906 3236 1093 3309 Christum
1106 3248 1192 3311 ante
1205 3237 1351 3310 Pascha

310 3351 517 3446 proximum
535 3363 772 3448 regnaturum
785 3372 863 3421 esse
877 3347 1080 3439 crederent,
1094 3349 1192 3423 inter
1206 3373 1245 3423 se
1261 3351 1348 3447 qais

311 3474 410 3537 esset
431 3475 519 3538 tanc
532 3465 711 3538 mocimus
726 3463 763 3535 in
778 3461 845 3535 illo
856 3484 987 3558 regno,
1000 3461 1106 3553 (vers,
1120 3464 1182 3557 24)
1195 3474 1350 3536 conten·

311 3577 457 3651 debant.
527 3579 760 3674 Quapropter
794 3575 966 3648 Servatur
996 3585 1120 3648 noster
1150 3575 1221 3649 illis
1255 3575 1351 3650 dixit

309 3691 418 3780 (vera.
438 3693 591 3785 25-30):
622 3696 764 3787 “reges
781 3688 930 3787 quidem
948 3688 1115 3762 ethnicos
1143 3688 1350 3763 dominium

310 3829 481 3879 exercere
492 3806 530 3879 in
542 3804 705 3878 subditos
723 3826 820 3889 suaa,
834 3814 872 3874 et
885 3800 1135 3875 benefactores
1150 3802 1349 3898 appellari;

309 3944 375 3993 vos
401 3931 524 3992 autem
549 3942 625 3992 non
651 3917 715 4006 sic,
734 3915 798 3989 sed
821 3937 917 3986 unus
939 3924 1100 3987 vestrum
1117 3914 1224 3989 alteri
1240 3915 1351 3989 debet

309 4033 532 4105 ministrare.
614 4030 784 4125 Regnum
818 4025 966 4123 quidem
999 4026 1103 4101 vobis
1137 4027 1245 4118 dabo,
1286 4027 1352 4101 sed

309 4146 416 4242 quale
444 4144 535 4217 mihi
561 4143 662 4218 dedit
690 4143 797 4215 Pater
813 4163 928 4230 meua,
947 4139 1013 4212 sed
1038 4164 1114 4215 non
1140 4141 1352 4215 habendum

309 4273 394 4335 ante
412 4261 614 4335 adventum
632 4280 779 4341 mcum;
805 4267 885 4328 tum
911 4253 1058 4327 demum
1086 4255 1285 4329 comedetis
1315 4266 1354 4329 et
