2926 4980
317 350 390 415 214
697 363 750 415 nn
769 363 976 416 crvrrara.

114 564 305 616 crnxxvn,
369 528 591 617 Passienum,
615 552 697 625 quae
727 528 879 602 crimina
903 529 1156 625 potentissime
1183 528 1350 618 suadent,

125 647 278 752 Βζωζζ
320 652 406 716 sunt
418 642 491 731 irc,
505 641 682 732 avaritia,
697 653 913 739 caeteraeque
926 642 1145 738 cupiditates
1158 643 1352 716 vehemen-

124 774 268 849 uumxcm
320 755 443 845 tioreS,
461 755 526 828 sed
541 779 616 828 non
630 755 706 828 sine
719 779 799 854 ape.
850 756 968 829 Nemo
987 757 1085 829 enim
1103 757 1352 852 cujuscunque

125 839 301 947 llllliilss
320 869 407 943 boni
425 893 534 942 causa
542 868 680 943 crimen
690 869 945 960 committeret,
957 871 1059 965 eujus
1069 869 1240 965 potiundi
1251 892 1353 965 spem

320 982 473 1055 baberet
488 981 636 1055 nullam.
689 983 841 1055 Faciunt
857 993 980 1056 autem
998 1006 1099 1078 spem
1116 982 1266 1071 divitiae,
1287 1005 1354 1077 po-

321 1093 437 1167 tentia
459 1093 670 1183 amicorum,
696 1118 786 1167 aura
813 1093 1008 1190 popularis,
1033 1104 1070 1167 et
1097 1094 1232 1190 effugia
1258 1116 1354 1188 quae-

322 1230 477 1302 cunque.
527 1206 549 1278 J
551 1206 675 1279 udices
692 1215 729 1279 et
745 1217 857 1279 testes
874 1217 1156 1302 corrumpuntur
1166 1231 1190 1279 a
1207 1205 1354 1279 divitiis

323 1320 471 1394 Poeuam
488 1318 595 1391 amici
609 1319 853 1415 deprecantur
867 1350 877 1402 ;
904 1319 1013 1392 etiam
1030 1318 1226 1416 aliquando
1251 1341 1354 1391 reum

322 1432 484 1530 pervim
508 1432 679 1528 eripiunt.
730 1433 846 1505 Favor
861 1430 986 1527 populi
1003 1431 1230 1528 impunitatis
1253 1453 1355 1526 spem

323 1572 346 1620 a
358 1545 590 1619 multitudine
600 1544 772 1633 ostendit,
789 1567 899 1640 quam
915 1543 1037 1640 puniri
1050 1544 1127 1617 siue
1141 1543 1257 1618 multo
1271 1566 1355 1617 san·

323 1659 435 1756 garine
452 1657 597 1730 difficile
614 1666 680 1746 est,
692 1680 759 1729 nec
777 1656 916 1730 civitati
940 1667 982 1730 ut
998 1656 1196 1752 puniantur
1212 1679 1356 1752 semper

326 1770 484 1867 expedit.
547 1771 661 1843 Amor
681 1781 720 1843 et
747 1770 941 1844 admiratio
968 1770 1156 1866 sapientiae
1185 1771 1355 1867 propriae,

327 1883 412 1979 quia
441 1883 607 1979 plausum
636 1908 659 1956 a
691 1883 923 1957 multitudine
952 1883 1160 1979 hujusmodi
1190 1883 1356 1957 homines

327 2007 520 2092 expectare
536 1995 664 2084 solent,
680 1995 769 2069 facit
784 2006 827 2068 ut
839 2008 976 2069 temere
986 1997 1182 2093 loquantur
1195 1996 1241 2070 de
1258 2006 1357 2070 statu

328 2122 365 2182 et
378 2109 554 2205 regimine
570 2108 728 2182 civitatis
742 2120 779 2182 et
804 2109 987 2205 religionis
1003 2109 1178 2205 publicae;
1203 2110 1243 2184 id
1259 2109 1358 2206 quod

328 2245 395 2318 per
417 2245 456 2295 se
482 2221 620 2295 crimen
642 2245 826 2318 magnum,
844 2235 882 2295 et
901 2246 1117 2318 magnarum
1140 2223 1358 2296 seditionum

331 2358 441 2408 causa
456 2334 748 2432 frequentissima
764 2346 830 2409 est.
885 2336 1027 2410 Quibus
1043 2346 1166 2409 autem
1182 2360 1251 2409 nec
1269 2335 1359 2408 divi·

331 2449 392 2521 tiae
409 2458 504 2538 sunt,
523 2472 591 2521 nec
608 2448 820 2538 authoritas,
831 2472 899 2521 uec
909 2448 1029 2544 gratia
1043 2448 1240 2545 populariS,
1257 2472 1359 2545 spem

331 2561 1029 2658 impunitatis,praeterquaminlatebris
1040 2574 1106 2634 aut
1115 2562 1213 2658 fugae
1225 2586 1359 2659 oppor-

331 2674 558 2775 tunitatibus,
571 2674 708 2747 nullam
725 2674 872 2747 habent.
916 2674 1066 2747 Initium
1088 2674 1234 2770 quidem
1249 2675 1360 2748 scele-

330 2811 411 2860 rum
428 2788 590 2860 omnium
607 2812 629 2860 a
645 2786 904 2883 cupiditatibus
926 2810 1004 2860 esse
1030 2787 1262 2861 manifestum
1280 2800 1359 2871 est;

330 2900 395 2972 sed
417 2900 486 2973 nisi
503 2899 728 2997 impunitatis
745 2900 936 2974 antecedat
956 2924 1048 2997 spes,
1075 2925 1261 2998 nunquam
1283 2902 1360 2976 fere

331 3013 378 3086 ad
388 3015 497 3086 finem
508 3014 769 3110 perducuntur.

381 3128 592 3201 Passionum
621 3139 743 3200 autem
773 3126 935 3200 omnium
962 3128 1278 3201 innocentissimus
1305 3138 1361 3200 est

332 3251 474 3323 metus;
501 3241 586 3328 imo,
603 3239 700 3312 solus
728 3248 783 3311 est
805 3239 869 3334 qui
891 3238 1055 3313 homines
1082 3264 1220 3329 omnes,
1235 3240 1362 3336 paucis

331 3353 491 3447 exceptis
509 3351 572 3447 qui
598 3352 795 3425 excelsiore
822 3351 943 3425 animo
961 3364 1046 3426 sunt
1064 3377 1173 3448 quam
1189 3364 1231 3426 ut
1247 3353 1362 3425 velint

332 3464 463 3537 debere
484 3464 621 3560 aliquid
643 3465 843 3561 injustitiae,
861 3490 883 3538 a
901 3467 1112 3540 criminibus
1132 3466 1362 3540 committen-

331 3577 386 3650 dis
402 3578 581 3674 prohibet.
633 3579 839 3673 Aliquando
862 3589 986 3652 tamen
1008 3579 1047 3652 iu
1064 3580 1203 3652 crimen
1220 3579 1363 3652 inducit

332 3690 442 3764 etiam
454 3704 582 3764 metus.

381 3802 574 3876 Actionem
603 3804 701 3877 enim
726 3828 800 3877 uon
829 3805 945 3877 omnis
966 3817 1115 3878 excusat
1142 3815 1270 3893 metus,
1298 3805 1364 3879 sed

333 3916 477 4012 corpori
490 3928 632 3989 tantum
646 3940 711 3988 suo
726 3919 941 4001 metuentis;
960 3920 1063 4015 cujus
1075 3918 1293 3992 defendendi
1303 3920 1364 4015 jus

333 4028 527 4125 unicuique
542 4029 706 4102 naturale
725 4053 868 4125 semper
885 4046 1020 4104 manet.
1047 4033 1221 4106 Attamen
1238 4033 1364 4127 siquis

333 4165 371 4213 se
405 4143 450 4213 ab
480 4142 627 4215 inimico
657 4166 721 4215 suo
752 4144 913 4216 noudum
943 4144 1178 4242 aggrediente
1207 4146 1364 4220 interfici

334 4255 528 4349 aliquando
545 4268 721 4347 metuens,
739 4270 928 4354 metusque
945 4259 1002 4333 sui
1024 4260 1259 4355 justissimam
1277 4283 1363 4334 cau-
