2926 4980
517 326 572 378 nn
592 327 775 378 uoumn.
1118 313 1161 380 81

173 493 252 568 Qui
268 493 372 567 valde
388 493 458 566 sibi
470 492 643 567 videntur
660 494 769 591 periti
782 517 904 567 rerum
921 495 1165 592 politicarum,
1203 533 1281 582 cap,
1292 532 1341 583 χι,

121 604 294 703 dispositi
326 607 375 680 ad
405 607 644 681 ambitionem
674 618 772 680 sunt.
826 608 924 682 Quia
957 610 1166 706 hujusmodi
1179 612 1348 721 Βθζζηζὴζ

120 721 279 817 peritia,
296 721 368 794 nisi
385 721 425 794 in
442 721 603 818 negotiis
619 721 786 817 publicis,
804 722 921 794 honor
938 724 1046 819 perit.
1091 725 1165 797 lta-
1177 757 1268 787 morum-

122 859 195 930 que
212 848 376 908 oratores
394 835 607 931 eloquentes
618 835 726 908 facile
740 835 925 908 ambitiosi
934 837 1053 921 fiunt;
1080 861 1166 910 nam

122 949 344 1045 eloquentia,
365 960 446 1022 tum
459 948 605 1022 sibimet
623 949 721 1046 ipsis,
735 959 815 1021 tum
831 948 912 1022 aliis
930 950 1087 1023 habetur
1099 976 1166 1047 pro

123 1062 314 1159 sapientia.

176 1172 461 1248 Pusillanimitas
478 1183 731 1246 cunctatorem
748 1172 849 1263 facit,
866 1175 930 1270 qui
955 1199 1078 1249 rerum
1104 1202 1168 1274 ge-

125 1288 325 1360 rundarum
339 1299 509 1382 tempora
517 1285 732 1383 plerumque
742 1287 881 1383 perdit3
909 1289 1055 1385 quando
1070 1291 1168 1363 enim

127 1401 367 1475 deliberatum
398 1411 454 1473 est
480 1413 661 1497 quantum
696 1402 878 1497 permittit
918 1403 1088 1498 gerendae
1114 1404 1169 1476 rei

126 1516 336 1604 necessitate,
352 1515 383 1588 si
401 1512 490 1609 quid
506 1513 608 1586 factu
622 1513 803 1609 optimum
817 1526 873 1587 est
887 1539 962 1588 non
980 1528 1167 1612 appareat,

126 1640 266 1702 certum
284 1641 430 1702 estnon
448 1626 604 1699 multum
618 1627 795 1700 interesse
806 1638 930 1700 utrum
942 1630 1026 1716 hoc,
1040 1652 1089 1700 an
1105 1628 1168 1701 illo

127 1741 232 1816 modo
248 1741 404 1824 feceris3
433 1751 471 1813 et
486 1763 553 1835 per
570 1764 796 1836 consequens
810 1765 933 1814 rerum
951 1765 1168 1838 magnarum

125 1855 347 1943 occasiones,
364 1853 583 1950 pensitando
600 1877 729 1949 nugas,
747 1854 982 1928 amittuntur.

173 1968 393 2065 Frugalitas‚
412 1989 620 2063 quanquam
645 1966 685 2037 in
711 1967 858 2040 homine
875 1967 1020 2065 privato
1038 1968 1167 2059 virtus,

125 2080 208 2171 illis,
226 2081 361 2177 quibus
378 2103 424 2152 ea
439 2077 602 2174 gerenda
619 2090 704 2151 sunt
731 2103 814 2175 quae
833 2081 1032 2153 multorum
1049 2081 1169 2154 homi-

125 2219 214 2268 num
244 2194 341 2266 vires
376 2191 486 2265 simul
514 2191 716 2286 postulant,
747 2193 994 2288 aptitudinem
1027 2194 1168 2268 adimit.

127 2308 309 2381 Conatum
336 2306 436 2378 enim
462 2303 638 2393 debilitat,
657 2305 720 2405 qui
745 2307 879 2380 nutriri
906 2319 942 2380 et
960 2308 1169 2381 conservari

126 2420 279 2517 praemio
296 2419 418 2492 debet.

177 2533 395 2629 Eloquentia
413 2557 497 2605 cum
520 2533 833 2629 blandiloquentia
858 2532 994 2605 amicos
1013 2531 1170 2626 acquirit

129 2651 258 2747 quibus
286 2648 520 2733 confidatur;
547 2650 633 2744 quia
660 2649 723 2722 illa
748 2662 791 2722 ut
807 2649 988 2746 sapientia
1005 2661 1168 2744 apparet,

128 2764 219 2852 haec,
235 2777 279 2836 ut
290 2787 406 2836 amor.
459 2762 534 2835 lllis
552 2763 583 2835 si
600 2763 826 2859 adjungatur
840 2762 1062 2836 existimatio
1075 2761 1171 2833 mili-

130 2877 228 2964 taris,
256 2875 505 2949 obedientiam
531 2876 698 2971 acquirit.
752 2876 849 2948 Nam
877 2876 1071 2972 qualitates
1098 2875 1170 2950 illae

131 2990 210 3063 duae
237 2990 377 3086 priores
408 3002 537 3062 contra
562 2990 766 3085 periculum
796 2991 842 3062 ab
867 2989 959 3085 ipso,
991 2990 1171 3086 posterior

131 3116 257 3177 contra
273 3102 480 3199 periculum
496 3102 541 3175 ab
559 3102 639 3174 aliis
658 3103 780 3176 cautio
798 3116 866 3176 est.

177 3215 367 3313 ignoratio
386 3239 580 3288 causarum
606 3214 778 3311 disponit,
796 3216 854 3288 vel
870 3216 992 3311 potius
1007 3217 1107 3312 cogit
1123 3215 1172 3289 ad

131 3329 319 3402 consilium
354 3328 579 3423 sequendum
612 3339 650 3400 et
698 3328 961 3400 authoritatem
1003 3329 1172 3403 aliorum.

132 3441 265 3516 Omnes
292 3441 405 3529 enim,
433 3464 588 3536 quorum
615 3440 770 3513 interest
796 3441 989 3513 veritatem
1013 3440 1118 3528 scire,
1141 3440 1172 3513 si

131 3555 284 3652 propriis
302 3555 465 3628 consiliis
482 3579 556 3628 non
575 3555 821 3651 acquiescant,
839 3554 1006 3642 aliorum,
1024 3577 1115 3649 quos
1133 3576 1172 3625 se

131 3670 369 3766 sapientiores
387 3692 466 3741 esse
482 3680 622 3765 putant
654 3691 723 3740 nec
752 3692 817 3740 cur
845 3667 1017 3740 fallerent
1033 3665 1170 3754 vident,

132 3783 283 3855 consilia
299 3794 502 3877 sequuntur
519 3782 743 3856 necessario.

180 3895 358 3990 Ignorare
369 3895 458 3990 quid
467 3898 579 3969 verba
589 3895 739 3992 proprie
751 3896 970 3991 significent,
985 3895 1061 3967 sive
1073 3892 1173 3990 quod

132 4006 228 4080 idem
246 4020 313 4097 est,
331 4033 406 4081 non
431 4033 538 4106 posse
554 4023 654 4083 recte
677 4009 893 4106 intelligere,
911 4009 1002 4081 facit
1018 4020 1061 4080 ut
1079 4007 1172 4080 veri-

133 4131 246 4195 tatem
263 4135 302 4194 et
323 4122 520 4196 falsitatem
537 4136 647 4220 atque
665 4124 778 4196 etiam
795 4125 908 4195 verba
925 4122 1016 4195 nihil
1034 4121 1173 4218 signifi-

136 4235 256 4306 cantia
272 4235 317 4306 ab
335 4235 454 4309 aliena
466 4261 652 4310 sumamus
669 4236 906 4309 authoritate.
934 4235 1063 4330 Neque
1075 4234 1173 4306 enim

234 4368 328 4420 vor..
348 4370 411 4422 ιιι.
1048 4370 1073 4420 o
