2926 4980
715 383 768 434 DE
788 383 970 435 ΗΟΜΙΝΕ.

729 893 891 966 CAPUT
915 895 963 967 X.

486 1080 533 1130 na
552 1080 1032 1148 rounuun‚n1ou1unra,ar
1051 1080 1208 1131 unauna.

154 1243 230 1294 cap,
242 1244 279 1294 x,
327 1209 535 1284 Poruu'rra
551 1210 739 1305 cujusque,
756 1210 1011 1283 universaliter
1032 1222 1189 1306 sumpta,
1210 1221 1265 1282 est
1287 1233 1362 1282 me·

115 1323 471 1442 Dffiffigffifflm
501 1323 675 1412 omnium,
705 1328 787 1419 quae
820 1324 933 1397 habet
966 1325 1013 1397 ad
1043 1326 1180 1396 bonum
1214 1322 1362 1418 aliquod

114 1449 314 1501 niuaotuonora
325 1436 492 1510 futurum
508 1459 687 1532 apparens
705 1436 993 1533 adipiscendum,
1011 1448 1262 1534 aggregatum.
1297 1436 1362 1509 Est

325 1561 450 1624 autem
467 1549 526 1621 vel
543 1550 733 1622 naturalia
749 1549 808 1622 vel
825 1550 1129 1623 instrumentalis.

375 1663 544 1736 Potentia
553 1661 742 1735 nataralia
755 1674 812 1735 est
825 1662 1042 1736 excellentia
1051 1663 1269 1737 facultatum
1283 1687 1363 1736 cor·

324 1776 425 1873 poris
448 1776 506 1849 vel
532 1774 665 1848 animi:
692 1787 735 1848 ut
759 1776 882 1865 robur,
906 1775 1036 1866 forma,
1062 1775 1270 1872 prudentia,
1292 1799 1362 1864 ars,

325 1888 549 1986 eloquentia,
579 1887 789 1977 liberalitas,
817 1888 1001 1962 nobilitas.
1053 1887 1363 1962 Instrumentalee

325 2015 424 2091 sunt,
448 2025 530 2098 quae
552 2024 619 2096 per
644 2000 841 2073 naturales
866 2002 924 2073 vel
949 2001 1135 2074 fortunam
1162 2001 1363 2096 acquisitae,

323 2114 445 2187 media
458 2126 496 2187 et
507 2114 750 2187 instrumenta
762 2127 849 2186 sunt
863 2114 910 2186 ad
922 2113 1125 2210 potentiam
1139 2114 1363 2209 augendam:

324 2242 367 2302 ut
376 2229 526 2318 divitiae,
539 2227 770 2318 existimatio,
781 2228 902 2318 amici,
914 2239 951 2300 et
965 2227 1128 2324 operatio
1139 2227 1366 2324 impercepta

329 2344 411 2433 Dei,
430 2367 540 2440 quam
556 2341 722 2415 homines
739 2342 954 2438 plerumque
966 2340 1152 2437 appellant
1166 2340 1365 2413 fortunam.

326 2456 506 2529 Potentiae
529 2455 627 2528 enim
649 2466 782 2528 natura
806 2456 876 2528 hac
899 2455 937 2528 in
962 2478 1001 2527 re
1022 2453 1129 2527 famae
1152 2453 1280 2526 similis
1297 2463 1363 2541 est,

326 2568 448 2642 eundo
471 2593 660 2652 crescens3
687 2569 744 2642 vel
765 2592 960 2665 corporum
977 2567 1145 2664 gravium
1163 2566 1363 2654 descensui,

327 2705 408 2778 quae
424 2681 659 2778 procedendo
676 2682 940 2756 accelerantur.

376 2796 631 2869 Humanarum
653 2796 902 2892 potentiarum
925 2796 1085 2868 maxima
1111 2805 1167 2866 est
1191 2793 1265 2879 illa,
1284 2817 1365 2888 quae

324 2932 369 2980 ex
394 2908 635 3004 plurimorum
659 2909 850 2981 hominum
874 2908 1050 3004 potentiis
1076 2907 1114 2979 in
1140 2931 1253 2979 unam
1279 2930 1362 3002 per-

326 3043 453 3093 sonam
476 3045 656 3094 consensu
679 3023 906 3118 singulorum
930 3023 1118 3096 unitorum
1136 3033 1191 3094 est
1218 3046 1366 3117 compo-

326 3133 418 3217 sita;
445 3133 520 3205 sive
541 3133 605 3207 illa
626 3157 783 3229 persona
805 3136 983 3208 naturalis
1004 3136 1063 3221 sit,
1086 3147 1129 3207 ut
1150 3135 1271 3222 homo,
1289 3135 1364 3206 sive

325 3245 536 3334 artificialis,
553 3257 597 3319 ut
620 3246 761 3331 civitas,
778 3272 800 3320 a
824 3249 928 3343 cujus
951 3249 1140 3321 voluntate
1158 3247 1366 3344 dependent

325 3359 499 3455 potentiae
518 3359 692 3433 omnium.
731 3361 901 3434 Proxima
917 3360 1003 3433 huic
1019 3362 1185 3456 potentia
1202 3371 1268 3447 est,
1283 3383 1365 3456 quae

327 3471 742 3568 dependetavoluntate
754 3473 1083 3547 multitudinisnon
1096 3474 1226 3557 unitae3
1249 3473 1366 3570 qualis

327 3595 383 3657 est
399 3585 568 3680 potentia
584 3584 757 3658 factionis
775 3587 833 3657 vel
851 3584 1052 3658 factionum
1069 3584 1341 3659 foederatarum.

377 3698 517 3794 ltaque,
532 3698 665 3770 multos
683 3697 819 3770 habere
836 3722 970 3787 servos,
987 3699 1153 3794 potentia
1170 3711 1251 3783 est;
1278 3700 1366 3773 item

327 3810 462 3884 multos
480 3810 614 3883 habere
632 3811 781 3883 amicos.
835 3811 930 3883 Sunt
948 3811 1045 3883 enim
1062 3812 1158 3884 vires
1174 3812 1299 3885 unitae.

375 3925 497 3997 Etiam
515 3923 650 3997 divitiae
670 3925 877 4019 conjunctae
892 3948 976 3996 cnm
994 3924 1224 4014 liberalitate,
1237 3938 1367 4020 poten-

326 4036 379 4107 tia
394 4047 472 4121 est;
500 4037 587 4133 quia
603 4060 724 4109 servos
742 4047 780 4110 et
796 4038 934 4109 amicos
946 4050 1099 4134 parant:
1127 4040 1264 4134 absque
1277 4039 1367 4110 libe-

326 4147 483 4237 ralitate,
498 4174 573 4222 non
587 4148 675 4221 item
688 4181 697 4228 ;
726 4148 812 4243 quia
827 4174 900 4222 non
915 4149 1128 4240 defendunt,
1142 4151 1206 4223 sed
1220 4151 1367 4223 invidiae

328 4274 527 4356 exponunt.
