2926 4980
346 387 401 439 na
421 386 614 441 clvrrnrn
635 385 904 440 sumsimus.
1074 363 1147 446 377

104 561 224 624 totum
237 550 464 647 publicatum
478 564 569 624 erat.
621 551 857 649 Evangelista
869 549 1024 647 quisque
1038 572 1149 622 evan·
1174 580 1253 631 cup,
1264 580 1352 632 xm,

104 664 241 760 gelium
254 687 361 736 suum
374 665 638 762 interpretatus
652 666 1151 761 est,etunusquisqueapos-
1187 661 1338 781 Dm

105 777 202 850 tolus
217 801 320 849 suam
334 778 537 873 epistolam.
566 778 621 850 De
633 778 870 851 Testamento
889 790 1012 851 autem
1024 774 1152 849 Veteri
1187 787 1340 833 mma*

105 891 197 964 dicit
218 891 385 964 Christus
402 891 450 964 ad
466 891 615 965 Judaeos
631 891 729 983 (Joh.
748 917 782 965 v.
802 892 866 986 39)
882 918 891 963 2
920 888 1152 964 Scrutamini

106 1003 355 1099 &rapturum
383 1028 468 1076 nam
493 1003 532 1076 ia
558 1003 640 1076 illis
666 1003 880 1103 expectatis
905 1004 1020 1078 citam
1046 1011 1160 1103 ater-¹

106 1140 215 1197 annu
242 1115 322 1187 illoe
339 1125 462 1188 nutem
480 1116 528 1189 dc
545 1140 600 1187 mc
618 1124 820 1190 testantur.
864 1117 1050 1191 Quorsum
1066 1114 1151 1203 hoc,

106 1229 175 1302 nisi
207 1228 307 1325 quod
341 1229 614 1325 Scripturarum
645 1228 791 1301 illarum
825 1228 1047 1325 interpretes
1073 1250 1151 1300 esse

105 1342 221 1416 voluit
238 1342 359 1438 ipsos?

156 1457 216 1529 Ad
234 1480 381 1528 omnem
399 1480 481 1552 quae
500 1456 688 1528 oriebatur
711 1455 976 1544 difficultatem,
994 1453 1152 1550 apostoli

106 1582 143 1643 et
167 1569 373 1665 presbyteri
399 1569 566 1642 solebant
592 1569 802 1659 convenire,
820 1582 858 1641 et
885 1568 1033 1665 quidem
1063 1567 1152 1665 quid

105 1683 363 1780 praedicarent,
382 1694 420 1756 et
437 1683 625 1772 docerent,
652 1693 692 1754 et
708 1682 894 1777 quomodo
912 1682 960 1754 ad
976 1681 1153 1778 populum

108 1795 316 1892 Scripturas
334 1796 680 1892 interpretarentur,
699 1794 1014 1879 determinarunt3
1043 1793 1153 1867 liber·

106 1922 221 1983 tatem
251 1923 376 1983 antem
402 1909 482 1981 illas
508 1909 667 2006 legendi,
699 1921 737 1981 et
767 1908 1035 2004 interpretandi
1070 1908 1152 1994 sibi,

106 2024 245 2098 nemini
283 2022 512 2095 ademerunt.
580 2021 749 2118 Apostoli
783 2021 946 2094 ecclesiis
979 2020 1152 2117 epistolas

106 2138 251 2232 aliaque
281 2137 419 2232 scripta
451 2136 631 2209 miserunt
664 2135 917 2208 instructionis
948 2157 1083 2218 causa;
1114 2133 1153 2207 id

108 2251 204 2346 quod
230 2250 369 2322 frustra
393 2250 533 2338 fuisset,
553 2249 623 2322 nisi
650 2249 713 2321 illa
737 2248 974 2345 interpretari
998 2247 1154 2344 permis-

108 2387 188 2435 sum
206 2363 277 2436 illis
296 2375 402 2436 esset.
468 2364 573 2438 Sicut
596 2375 720 2436 autem
745 2363 963 2459 permissum
983 2361 1155 2435 hocerat

107 2488 272 2573 tempore
289 2476 552 2572 apostolorum,
565 2476 618 2548 ita
634 2475 924 2572 permittendum
941 2486 1008 2565 est,
1025 2499 1153 2571 quam·

108 2589 170 2662 diu
205 2613 280 2662 non
307 2590 381 2662 sint
416 2612 521 2685 reges
548 2589 729 2678 doctores,
755 2588 814 2662 vel
841 2588 1010 2662 doctores
1036 2611 1153 2685 regeS,

107 2702 170 2798 qui
187 2703 528 2799 interpretationem
547 2714 611 2775 aut
638 2703 880 2799 interpretem
896 2701 1038 2798 legibus
1064 2724 1152 2775 con·

107 2816 274 2889 stituant.

158 2930 351 3026 Scriptura
375 2930 500 3026 aliqua
534 2930 677 3003 dnobus
710 2928 830 3002 modis
864 2928 1045 3002 canonica
1079 2927 1153 3001 dici

105 3054 240 3138 potest.
284 3042 412 3115 Canon
441 3044 539 3116 enim
555 3043 684 3140 regule
703 3055 771 3133 est,
790 3054 828 3115 et
841 3042 971 3138 regula
987 3066 1153 3138 praecep·

106 3166 198 3244 tum,
226 3181 298 3252 quo
333 3156 371 3228 in
405 3157 551 3229 actione
582 3180 801 3252 quacunque
836 3154 967 3251 aliquis
1001 3156 1152 3251 regitur.

107 3269 202 3343 Quae
227 3279 423 3366 praccepta,
442 3269 513 3341 etsi
532 3269 619 3342 data
636 3269 710 3341 sint
728 3293 750 3341 a
766 3268 944 3364 magistro
972 3268 1152 3365 discipulo

107 3405 173 3454 suo
190 3382 248 3453 vel
265 3405 288 3455 a
306 3381 514 3455 consiliario
532 3382 580 3454 ad
595 3382 858 3471 consulentem,
874 3380 1012 3476 absque
1030 3392 1153 3477 potes-

106 3504 183 3566 tate
205 3494 363 3590 cogendi
390 3506 432 3567 ut
459 3495 711 3584 observentur,
730 3518 894 3567 canones
910 3506 1035 3567 tamen
1053 3505 1151 3584 sunt,

107 3606 194 3701 quia
210 3607 359 3702 regulae.
424 3607 498 3679 Sed
516 3607 665 3704 quando
683 3607 728 3679 ab
746 3631 791 3680 eo
809 3606 897 3680 data
915 3619 1013 3697 sunt,
1031 3609 1091 3681 oui
1108 3609 1152 3699 is,

106 3720 169 3815 qui
194 3718 257 3791 illa
277 3719 423 3814 accipit,
450 3733 600 3792 tenetur
628 3720 789 3809 obedire,
816 3732 906 3793 tunc
934 3745 1009 3796 non
1039 3721 1152 3797 modo

106 3856 265 3904 canones
283 3842 381 3921 sunt,
400 3833 464 3905 sed
485 3834 597 3906 etiam
625 3832 737 3930 leges,
803 3833 969 3907 Quaestio
988 3857 1077 3930 ergo
1096 3848 1152 3910 est

105 3943 176 4017 hoc
200 3945 282 4019 loco
303 3946 349 4018 de
369 3957 550 4042 potestate
577 3946 737 4020 faciendi
758 3959 800 4020 ut
827 3948 1027 4044 Scripturae
1052 3950 1152 4047 leges

106 4058 191 4147 sint,
209 4061 314 4155 cujus
332 4071 401 4132 est.

157 4171 244 4244 Pars
266 4171 330 4243 illa
351 4171 552 4267 Scripturae
577 4171 701 4245 Sacrae
718 4195 801 4268 quae
823 4173 943 4271 prima
964 4172 1024 4246 lex
1051 4175 1152 4251 facta

106 4294 173 4372 est,
203 4297 260 4358 est
288 4285 504 4382 Decalogus.
558 4286 657 4358 Ante
686 4297 831 4383 tempus
859 4286 963 4377 illud,
990 4287 1050 4362 lex
1080 4290 1149 4365 Dei
