2926 4980
328 364 409 438 Q
700 374 754 427 DE
769 374 975 429 clvl'rA'rn.

124 580 193 635 ,m
198 576 323 633 mn.
325 542 599 625 whom
609 540 688 613 11111
698 541 825 669 magia,
836 542 916 615 aliis
930 543 1051 616 minus
1068 539 1256 615 sensibilia
1273 539 1360 613 sint.

151 666 230 693 ⁹
237 668 287 691 ⁴·
186 656 593 771 &diuturnum
602 652 692 728 ad
661 677 794 727 civium
808 654 1059 751 singularium,
1073 653 1362 728 sedadhumani

137 728 269 839 aa*
198 802 278 833 m
324 792 470 869 genam
483 790 629 840 sensum
643 767 852 862 generalem
869 778 1150 864 componuntur.

137 858 305 969 W
374 882 595 977 &nuquam
610 891 734 953 autem
751 892 838 954 sunt
859 906 922 978 qui
910 880 1228 955 '‘contumeliam
1216 904 1257 953 1n
1279 903 1362 952 ver-

322 995 382 1071 tu
395 1006 551 1083 tantum,
564 992 623 1066 vel
638 1006 758 1089 gestu,
770 1018 837 1090 pro
855 994 988 1068 damno
1006 1004 1043 1068 et
1058 995 1206 1068 laesione
1224 993 1361 1067 habere

321 1107 464 1192 solenh
489 1107 655 1181 laesiones
672 1118 795 1181 tamen
812 1107 1021 1204 hujusmodi
1044 1109 1174 1197 Graeci,
1192 1107 1360 1195 Romani,

322 1221 475 1317 aliaeque
499 1230 576 1294 tam
601 1232 746 1295 veteres
773 1244 883 1317 quam
912 1222 1102 1296 hodiernae
1127 1222 1297 1296 civitates
1322 1219 1361 1292 in

321 1334 463 1431 legibus
492 1333 692 1408 condendis
719 1337 973 1431 neglexerunt,
999 1347 1043 1408 ut
1072 1335 1135 1431 qui
1161 1333 1312 1421 doloris,
1338 1358 1362 1406 a

321 1448 441 1521 verbis
457 1456 613 1537 1111111111,
631 1471 779 1521 causam
802 1472 926 1522 veram
947 1472 1022 1522 non
1042 1449 1154 1521 verba
1171 1458 1360 1521 contume-

321 1560 423 1650 liosa,
434 1584 516 1656 quse
532 1584 556 1632 a
570 1561 728 1656 propriae
742 1561 888 1634 virtutis
901 1560 1055 1634 consciis
1069 1561 1195 1634 statim
1208 1572 1251 1633 nt
1260 1559 1361 1633 dicta

322 1686 409 1747 sunt
425 1673 670 1762 excutiuntur,
688 1697 766 1746 esse
783 1684 1015 1769 putaverunt,
1033 1673 1097 1746 sed
1119 1672 1360 1770 pusillanimi-

320 1796 435 1860 tatem
450 1784 608 1859 hominis
620 1787 731 1859 verba
747 1810 822 1859 non
838 1785 1002 1860 ferentis.

369 1897 492 1971 Etiam
517 1898 655 1971 crimen
681 1910 811 1972 contro
835 1899 953 1972 civem
986 1899 1169 1995 privatum
1203 1897 1360 1972 multum

320 2022 477 2108 augetur
493 2036 516 2084 1
532 2011 812 2086 circumstantiis
830 2035 1009 2108 persona,
1020 2011 1208 2109 temporis,
1221 2024 1260 2086 et
1275 2013 1360 2087 loci.

321 2123 419 2195 Nam
447 2124 615 2198 occidere
645 2135 835 2221 parentem
860 2149 966 2199 suum
990 2127 1106 2200 multo
1130 2127 1279 2223 gravius
1304 2139 1360 2201 est

321 2237 471 2329 crimen,
489 2261 599 2334 quam
625 2237 792 2312 occidere
814 2239 1001 2313 hominem
1022 2240 1207 2336 privatum
1233 2263 1360 2336 quem-

321 2373 477 2445 cunque.
529 2350 628 2424 Patri
642 2349 739 2423 enim
751 2349 914 2441 debetur,
925 2364 1010 2448 post
1023 2351 1222 2441 civitatem,
1240 2354 1360 2426 honor

321 2486 496 2549 summus,
512 2474 556 2536 111
573 2463 632 2536 cui
649 2463 687 2536 in
704 2463 820 2537 filium
843 2477 930 2538 ante
955 2465 1172 2538 constitutas
1190 2465 1358 2540 civitates

320 2586 483 2671 potestas
500 2588 580 2649 erat
597 2599 749 2650 summa.
802 2576 965 2672 Spoliare
982 2600 1191 2673 pauperem,
1219 2579 1358 2653 crimen

322 2690 439 2784 majus
469 2700 526 2762 est
552 2714 662 2786 quam
698 2689 914 2763 tantundem
939 2690 1079 2786 eripere
1104 2690 1236 2777 diviti3
1273 2716 1358 2764 nam

321 2802 473 2897 pauperi
490 2801 665 2875 damnum
681 2801 778 2875 idem
792 2802 997 2875 sensibilius
1015 2815 1081 2876 est.

371 2914 474 2988 Idem
507 2915 646 2988 crimen
678 2926 840 3011 tempore
873 2928 937 2989 aut
963 2916 1045 2990 loco
1067 2916 1206 2989 factum
1235 2916 1359 2990 divino

266 3017 271 3024 ⁵
321 3027 434 3099 cultui
457 3040 683 3117 consecrato,
700 3030 817 3124 majus
836 3039 891 3101 est
907 3053 1018 3124 quam
1045 3029 1076 3100 si
1099 3029 1170 3102 alio
1195 3040 1359 3125 tempore

320 3153 385 3213 ant
397 3141 478 3214 loco
501 3141 640 3214 factum
657 3152 777 3226 esset;
802 3142 1047 3239 proficiscitur
1067 3141 1163 3215 enim
1181 3167 1204 3216 a
1220 3145 1359 3240 majore

320 3252 444 3348 legum
461 3265 498 3327 et
515 3254 635 3327 cultus
652 3254 766 3328 divini
783 3256 1067 3352 contemptione.

369 3367 490 3441 Multa
509 3368 580 3441 alia
599 3369 871 3464 aggravationis
891 3382 930 3443 et
950 3369 1218 3442 extenuationis
1235 3394 1357 3444 exem-

317 3479 379 3575 pla
395 3479 529 3553 adduci
545 3493 705 3577 possent.
743 3481 816 3554 Sed
831 3505 897 3577 per
913 3507 968 3573 ea,
980 3506 1061 3577 quae
1081 3481 1240 3557 adducta
1260 3495 1357 3575 sunt,

318 3594 466 3666 obvium
484 3594 615 3689 cuique
639 3606 696 3667 est
719 3595 980 3691 cujuscumque
998 3594 1161 3668 criminis
1178 3597 1356 3692 propositi

318 3705 550 3780 altitudinem
566 3706 798 3804 investigare.

368 3821 567 3909 Postremo,
590 3819 676 3915 quia
699 3819 738 3892 in
754 3820 922 3893 omnibus
939 3819 1014 3893 fere
1033 3820 1244 3893 criminibus
1261 3821 1356 3917 inju-

316 3934 371 4006 ria
387 3935 494 4024 inest,
512 3958 586 4007 non
605 3933 712 4006 modo
723 3933 861 4008 homini
878 3935 1022 4029 privato
1039 3933 1149 4023 facta,
1168 3933 1357 4006 sedetiam
1394 3995 1396 3998 .

317 4048 457 4120 civitati
472 4078 482 4131 ;
508 4047 606 4120 idem
623 4047 773 4131 crimen,
791 4046 938 4141 quando
955 4058 1184 4121 accusatura
1199 4070 1357 4142 persona
1394 4062 1400 4070 ·

317 4160 484 4251 civitatis,
513 4161 652 4234 crimen
670 4159 863 4258 publicum
893 4161 1117 4257 appellatur;
1154 4169 1191 4233 et
1219 4160 1357 4256 judicia

316 4274 547 4368 publicorum
564 4273 769 4363 criminum,
777 4274 931 4369 judicia
940 4272 1111 4373 publica,
1130 4298 1212 4370 quse
1238 4273 1356 4346 nostri

316 4387 501 4483 appellant
513 4385 666 4486 placita
683 4409 840 4462 coronoe.
