2926 4980
339 346 405 414 134
708 364 763 415 nn
782 363 990 416 crvrrrrn.

121 555 199 609 erp.
212 561 314 612 xmu.
333 526 493 615 civitate,
511 527 556 599 ab
571 527 651 622 ipso
670 527 945 617 determinatur,
961 530 1024 625 qui
1037 553 1231 625 personam
1249 530 1378 604 civito-

148 639 292 676 *Ὺ*
333 640 380 714 tis
397 640 505 735 gerit,
524 640 561 713 id
580 653 649 730 est,
662 666 685 714 a
697 653 917 737 potestatem
929 646 1193 740 summamjam
1204 643 1376 717 habente.

134 697 168 740 De
176 700 227 755 J'uro
237 702 272 745 ho

134 766 320 876 megum
335 754 455 828 Quem
473 754 536 850 qui
553 755 670 850 pactis
695 755 850 852 obligari
881 755 1104 845 existimant,
1132 780 1176 828 eo
1205 755 1379 829 videntur

134 899 304 976 instruam
334 867 479 963 decepti
507 891 598 956 esse,
630 868 730 964 quod
756 893 832 942 non
857 869 1088 966 distinguant
1116 870 1213 943 inter
1229 869 1380 967 obliga-

134 969 300 1008 manaem.
334 982 466 1071 tiones,
493 1006 576 1077 quae
606 982 701 1055 fiunt
730 1006 797 1078 per
825 983 949 1072 verba,
979 995 1017 1056 et
1052 984 1268 1082 ligationes,
1297 1006 1380 1079 quae

333 1095 427 1167 fiunt
451 1117 517 1190 per
534 1094 716 1192 capistra;
743 1119 811 1169 nee
829 1097 995 1192 cogitent
1011 1099 1123 1170 verba
1139 1120 1206 1193 per
1222 1120 1261 1169 se
1280 1097 1382 1171 infir·

334 1233 395 1282 ma
412 1232 502 1281 esse.
554 1209 753 1304 Postquam
771 1221 895 1284 autem
909 1234 1052 1283 summa
1064 1221 1228 1307 potestas
1245 1209 1380 1283 consti·

334 1333 416 1394 tuta
432 1333 469 1394 et
486 1336 628 1395 armata
649 1335 716 1410 est,
736 1336 816 1395 tum
834 1323 981 1396 demum
1000 1324 1035 1396 vi
1052 1335 1167 1396 tantae
1185 1322 1381 1419 potestatis

335 1437 446 1509 etiam
464 1437 576 1509 verba
593 1437 753 1533 capistra
762 1439 867 1510 fiunt.
903 1438 1040 1511 Partim
1052 1438 1163 1511 etiam
1174 1461 1218 1509 eo
1236 1435 1381 1531 decepti

337 1561 433 1639 sunt,
448 1549 549 1644 quod
567 1550 840 1623 multitudinem
854 1550 1045 1623 hominum
1063 1551 1100 1622 in
1117 1574 1234 1625 unum
1258 1549 1381 1622 locum

337 1662 644 1751 convenientium,
664 1664 775 1736 etiam
801 1676 1000 1758 antequam
1031 1662 1077 1735 de
1100 1686 1243 1736 summa
1258 1674 1382 1758 potes-

336 1787 413 1848 tate
428 1776 691 1865 eonsenserint,
710 1800 784 1848 non
795 1775 904 1848 modo
917 1798 1094 1870 personas
1104 1776 1168 1848 sed
1186 1797 1382 1870 personam

337 1912 428 1976 esse,
446 1899 484 1961 et
511 1889 663 1961 seorsim
681 1915 703 1962 a
720 1889 964 1985 singularibus
981 1889 1083 1984 loqui
1108 1901 1147 1961 et
1163 1911 1273 1984 agere
1290 1887 1382 1959 ima-

337 2002 454 2097 ginati
477 2002 562 2074 sint.
615 2002 774 2077 Quando
801 2025 888 2074 vero
906 2002 945 2073 in
963 2014 1061 2075 eoetu
1075 2000 1243 2098 populari
1259 2011 1382 2096 potes-

338 2130 396 2189 tas
424 2140 566 2189 summa
591 2117 771 2189 collocata
787 2127 855 2205 est,
873 2127 1023 2211 paetum
1054 2115 1127 2188 tede
1145 2113 1383 2187 intervenisse

338 2251 447 2301 nemo
462 2227 561 2301 dicit.
616 2228 709 2302 uuis
720 2228 818 2301 enim
830 2227 922 2301 adeo
940 2228 1053 2301 hebes
1067 2237 1181 2316 est,ut
1193 2226 1382 2321 populum,

339 2341 496 2437 exempli
509 2342 857 2431 eausa,Romanum‚
869 2341 932 2438 qui
943 2340 1136 2437 imperium
1151 2340 1277 2413 Romae
1287 2362 1384 2411 sum-

339 2478 441 2526 mum
468 2454 595 2527 habuit
619 2453 817 2551 quondam,
832 2479 1012 2529 summam
1038 2453 1138 2526 illam
1163 2463 1383 2548 potestatem

339 2566 500 2640 tenuisse
517 2591 583 2663 per
600 2581 749 2664 paetum
767 2592 851 2641 eum
878 2567 1067 2654 Romanis
1081 2579 1120 2639 et
1136 2564 1291 2662 proinde
1315 2589 1383 2660 po-

339 2682 466 2777 pulum
479 2681 1099 2769 RomanumaRomanis,nisibene
1112 2677 1384 2775 regnasset‚de-

340 2796 429 2889 poni
447 2795 609 2890 potuisse
621 2794 746 2867 dieat?
800 2795 911 2869 Quod
928 2807 1052 2867 autem
1069 2795 1108 2867 in
1122 2793 1335 2868 monarchia
1348 2804 1386 2867 et

341 2920 440 2980 statu
457 2908 624 3004 populari
643 2908 883 3003 quaestionem
907 2907 1002 2979 hane
1021 2907 1176 2980 eandem
1206 2930 1283 2979 esse
1309 2930 1385 2978 non

341 3044 468 3094 omnes
502 3021 662 3108 videant,
682 3046 793 3093 causa
823 3034 879 3093 est
904 3021 1066 3115 ipsorum
1092 3021 1254 3107 ambitio,
1272 3019 1385 3092 coetui

341 3136 464 3228 potius
482 3159 590 3230 qnam
609 3135 674 3205 uni
691 3134 831 3206 homini
849 3134 1051 3206 faventium
1067 3166 1075 3217 ;
1103 3135 1189 3229 quia
1218 3134 1285 3206 sub
1309 3157 1385 3206 uno

341 3249 489 3321 homine
512 3248 643 3343 vulgus
660 3258 757 3336 sunt,
777 3248 842 3320 sed
872 3248 939 3320 sub
957 3259 1056 3319 coetu
1083 3246 1275 3342 regnantis
1300 3270 1386 3342 pars

343 3373 438 3433 sunt.

392 3474 529 3560 Terti0,
549 3474 578 3544 si
607 3496 788 3546 consensu
806 3472 919 3567 partis
938 3472 1087 3566 majoris
1105 3495 1248 3545 summa
1262 3485 1385 3569 potes-

344 3601 400 3660 tas
418 3587 529 3661 semel
547 3587 748 3660 constituta
765 3585 824 3673 sit,
839 3585 977 3657 nemini
1006 3609 1145 3672 eorum,
1164 3584 1224 3657 oui
1247 3586 1386 3659 foetum

344 3701 522 3795 displicet,
540 3699 703 3795 suffragii
721 3699 776 3772 sui
791 3700 829 3770 in
848 3699 1074 3771 contrarium
1092 3710 1204 3771 testes
1222 3722 1385 3794 poscere,

342 3812 401 3885 vel
431 3814 645 3887 memoriam
670 3812 723 3884 rei
757 3825 884 3884 extare
918 3811 1105 3906 postulare
1140 3811 1282 3884 licitum
1316 3827 1384 3885 est.

344 3927 544 3998 Postulatio
562 3926 660 3997 enirn
677 3925 760 3998 talis
773 3926 913 3998 factum
931 3936 1074 3998 mutare
1091 3925 1248 3998 volentis
1266 3936 1332 4012 est,
1348 3939 1386 3996 et

343 4065 409 4135 per
427 4063 664 4135 consequens,
682 4039 765 4134 paci
794 4038 902 4110 faetae
920 4039 1175 4125 renuntiantis
1194 4050 1233 4110 et
1249 4037 1385 4109 bellum

344 4168 474 4224 eontra
491 4166 644 4226 caeteros
658 4152 921 4240 denuntiantis,
936 4164 974 4223 et
1001 4152 1039 4223 in
1055 4151 1302 4224 conditionem
1320 4173 1385 4221 na-

344 4276 437 4337 turae
480 4289 588 4360 quam
619 4265 794 4360 fugiebat,
824 4278 954 4337 eontra
983 4265 1094 4336 finem
1118 4288 1227 4359 quem
1256 4263 1384 4335 habuit

346 4378 491 4473 quaudo
507 4404 590 4451 enm
608 4379 750 4452 eaeteris
761 4379 798 4451 in
817 4391 1039 4452 conventum
1057 4377 1168 4464 venit,
1184 4375 1384 4448 redeuntis
