2926 4980
479 367 532 419 nu
551 364 759 419 crvrraru.
1074 342 1142 420 197

151 534 290 630 Legem
307 534 422 630 igitur
432 534 575 607 civilem
586 535 638 607 sic
650 533 805 607 definio:
833 532 915 605 Lex
930 530 1137 604 civili-rani·
1158 557 1233 606 car.
1246 554 1345 603 xxvr.

100 646 236 744 cuique
247 647 320 720 civi
336 657 394 720 eat
410 647 548 745 regula
562 673 635 745 quo
650 648 796 737 civ-itas,
807 646 918 719 verbo
929 644 988 717 vel
997 644 1142 740 scripto
1186 638 1323 751 Μ

100 757 163 831 vel
178 758 256 832 alio
274 784 488 857 quocunque
503 760 705 833 volontatis
722 760 831 857 cigno
846 758 989 847 idoneo,
1003 756 1058 829 ad
1068 756 1144 828 dia·
1185 759 1292 805 aaran.

102 871 318 946 tinctionem
336 873 421 945 boni
438 884 476 946 et
493 874 584 946 mali
601 874 655 945 uti
673 874 845 971 imperat.

154 986 198 1058 lu
230 1010 303 1082 qua
330 986 542 1059 definitione
572 985 733 1080 ambigui
765 984 856 1056 nihil
887 995 954 1055 est.
1006 982 1144 1075 Legum

104 1111 243 1187 autem,
261 1098 333 1170 alia
353 1097 493 1170 civibus
523 1098 697 1170 statuitur
721 1097 919 1174 universis:
947 1095 1018 1167 alia
1036 1093 1146 1166 certis

101 1211 325 1308 provinciis;
351 1210 422 1283 alia
432 1221 532 1283 certo
543 1211 732 1282 hominurn
743 1209 892 1306 generi;
920 1208 991 1280 alia
1004 1208 1144 1279 homiui

104 1324 327 1421 quandoque
357 1324 542 1420 singulari.
597 1324 740 1398 Quibus
764 1335 888 1396 autem
904 1323 962 1395 lex
980 1323 1143 1417 ponitur,

103 1437 176 1509 illis
188 1437 277 1510 solis
294 1437 352 1510 lex
370 1449 437 1510 est.
489 1438 618 1533 Neque
636 1439 812 1533 injustum
830 1438 919 1510 facit
937 1437 1142 1533 quisquam,

105 1550 206 1645 quod
232 1551 380 1623 nonsit
410 1561 540 1623 contra
566 1551 684 1647 legem
714 1552 859 1624 sibimet
881 1551 950 1647 ipsi
974 1551 1147 1646 positam.

105 1663 218 1737 Quod
235 1675 358 1736 autern
374 1663 488 1759 siguis
498 1663 640 1736 idoneis
658 1664 836 1737 declarari
849 1689 892 1736 ex
912 1663 1003 1758 legis
1016 1675 1150 1734 natura

104 1774 238 1850 debeat
264 1777 335 1861 lex,
366 1777 597 1849 manifestum
626 1801 672 1850 ex
698 1802 741 1850 eo
769 1789 836 1865 est,
857 1776 957 1873 quod
975 1777 1150 1871 injustum

104 1890 199 1964 nihil
218 1902 274 1963 est
291 1890 391 1986 quod
419 1913 493 1962 uon
521 1890 568 1962 sit
595 1891 833 1986 transgressio
861 1891 1016 1985 alicujus
1046 1889 1148 1985 legis.

105 2003 294 2098 Quicquid
328 2026 416 2097 ergo
451 2026 473 2074 a
508 2003 719 2075 definitione
753 2004 822 2075 hac
856 2003 983 2075 inferri
1014 2014 1148 2097 potest,

104 2118 233 2212 negari
263 2140 338 2188 nou
356 2116 463 2188 debet
481 2117 570 2212 quin
588 2117 635 2188 sit
665 2140 803 2189 verum.
856 2116 979 2188 lnfero
1011 2126 1146 2202 autern,

105 2229 239 2326 primo,
258 2229 503 2324 legislatorem
522 2230 558 2301 in
578 2231 677 2302 omui
700 2231 847 2303 civitate
866 2254 949 2303 eum
964 2253 1053 2313 esse,
1073 2229 1148 2300 sive

106 2341 219 2414 homo
237 2341 313 2414 sive
325 2354 441 2414 coetus
454 2343 514 2430 sit,
529 2343 589 2438 qui
605 2367 783 2415 summam
794 2344 905 2416 habet
915 2353 1146 2439 potestatem.

106 2454 275 2527 Civitatis
294 2455 391 2527 enim
409 2455 520 2527 solius
539 2467 594 2528 est
610 2457 847 2551 praescribere
866 2457 1007 2528 civibus
1037 2455 1147 2551 leges.

106 2566 177 2639 Illa
202 2578 325 2640 autem
348 2591 467 2663 neque
485 2569 719 2663 praescribere
737 2592 855 2663 neque
874 2569 996 2641 dicere
1014 2580 1078 2640 aut
1095 2568 1149 2640 fa-

105 2703 190 2752 cere
201 2681 395 2776 quicquam
408 2693 541 2776 potest,
558 2681 628 2753 nisi
638 2705 704 2776 per
713 2706 906 2776 personam
919 2685 1008 2778 ejus,
1023 2683 1062 2755 id
1080 2694 1147 2770 est,

103 2793 291 2889 perillum
309 2792 373 2889 qui
390 2817 569 2865 summam
586 2793 698 2866 habet
721 2805 953 2889 potestatem.
1006 2797 1041 2867 Is
1060 2818 1147 2889 ergo

104 2905 292 3001 legislator
302 2905 400 2978 solus
415 2917 479 2979 est.
499 2907 556 2979 Ob
568 2907 722 2980 eandem
732 2908 912 2980 rationem
926 2907 1024 2980 solus
1037 2908 1147 2979 etiam

104 3017 226 3114 legem
243 3018 420 3113 abrogare
437 3029 560 3113 potest
576 3051 584 3102 ;
619 3021 705 3114 quia
721 3020 779 3092 lex
797 3020 965 3116 abrogari
991 3044 1064 3092 nou
1081 3045 1146 3116 po-

107 3142 181 3203 test
197 3130 267 3203 nisi
279 3154 346 3226 per
362 3130 469 3202 aliam
488 3130 617 3225 legem.

159 3243 377 3332 Secundo,is
389 3243 451 3338 qui
462 3243 575 3316 habet
586 3267 764 3316 summam
774 3255 994 3339 potestatem
1006 3244 1146 3339 legibus

106 3356 274 3430 civilibus
299 3379 374 3428 non
404 3355 607 3450 subjicitur.
656 3357 749 3429 Cum
776 3357 872 3429 enim
899 3357 1050 3429 arbitrio
1081 3380 1146 3429 suo

105 3471 207 3566 leges
218 3483 257 3542 et
269 3470 358 3542 facit
375 3482 411 3543 et
428 3472 592 3565 abrogat,
611 3480 745 3566 potest,
760 3470 902 3563 quoties
919 3470 1036 3542 visum
1064 3469 1145 3556 erit,

107 3583 334 3678 subjectione
360 3582 423 3655 illa
452 3596 490 3655 et
517 3583 683 3656 molestia
713 3607 752 3655 se
786 3583 967 3655 liberare:
1005 3583 1146 3678 legibus

107 3721 197 3794 ergo
227 3709 314 3770 ante
348 3695 489 3768 solutus
522 3709 612 3769 erat.
665 3696 787 3769 Liberi
823 3682 920 3768 eninr
955 3709 1052 3783 sunt,
1083 3695 1145 3789 qui

108 3810 255 3907 quaudo
272 3809 403 3882 volunt
421 3833 510 3897 esse,
524 3820 697 3905 possuut3
724 3833 793 3882 nec
816 3821 937 3904 potest
954 3808 1145 3905 quisquam

107 3924 179 3997 sibi
195 3923 264 4018 ipsi
289 3922 466 4018 obligari3
493 3923 578 4018 quia
596 3924 658 4019 qui
684 3921 859 4016 obligare,
877 3922 972 3994 idem
991 3921 1145 3993 liberare

106 4047 242 4134 potest.

157 4149 295 4237 Tertio,
322 4147 469 4244 quando
499 4147 724 4220 cousuetudo
754 4147 864 4242 longa
885 4147 960 4217 vim
983 4145 1143 4217 obtinuit

105 4261 211 4357 legio,
229 4285 301 4334 non
319 4285 341 4332 a
357 4259 584 4355 longitudine
609 4260 782 4356 temporis
805 4261 879 4331 vim
900 4258 991 4354 legis
1018 4259 1142 4345 habet,
