2926 4980
519 380 574 442 n'n
593 389 777 442 nostrus.
1120 378 1168 443 33

120 557 449 657 inquam,qnando
462 568 717 656 computamus
732 556 816 641 soli;
840 556 1166 656 sigmfieationem,

122 672 277 766 quando
315 671 402 746 aliis
448 673 761 770 computationem
807 681 972 745 nostram
1015 672 1166 745 demon-

122 797 296 858 seramus.

177 899 282 972 Sicut
298 909 424 973 autern
441 899 481 972 in
498 899 730 973 arithmetica
742 898 903 994 imperiti
916 922 1013 993 saepe
1030 898 1170 995 profes-

125 1034 229 1085 sores
261 1011 461 1110 aliquando
494 1011 586 1085 falso
620 1022 860 1109 computaut;
899 1013 953 1085 ita
986 1012 1097 1083 etiam
1131 1011 1169 1083 in

127 1125 332 1197 rationibus
358 1124 514 1197 aliarum
539 1148 674 1213 rerum,
698 1110 910 1219 peritissimi
931 1122 1170 1196 versatissimi

127 1236 434 1332 attentissimique
457 1236 536 1309 falli
558 1247 722 1333 possunt,
741 1247 779 1309 et
800 1235 911 1309 falsas
928 1235 1062 1309 inferre
1081 1259 1168 1308 eon-

129 1350 332 1434 clusiones;
358 1373 434 1422 non
448 1350 547 1446 quod
559 1351 654 1424 ratio
667 1374 742 1423 non
756 1350 805 1423 sit
818 1350 897 1446 ipsa
910 1373 1054 1445 semper
1066 1361 1170 1422 recta

128 1463 234 1553 ratio,
248 1488 355 1560 reque
371 1475 414 1536 ut
431 1464 664 1538 arithmetica
680 1477 783 1537 certa
798 1475 855 1537 est
878 1487 961 1549 ars;
988 1463 1052 1536 sed
1070 1463 1170 1565 quod

127 1576 262 1650 nullius
278 1577 389 1649 unius
406 1577 514 1666 rati0,
532 1601 756 1673 aequavero
774 1577 947 1674 plurium,
960 1577 1073 1650 faciat
1090 1600 1169 1649 eer-

127 1690 338 1780 titudinem,
367 1691 486 1787 magis
519 1714 629 1787 quam
663 1690 888 1787 computatio
915 1690 1039 1786 aliqua
1067 1699 1170 1762 recta

128 1826 367 1878 numerorum
397 1815 500 1877 recte
531 1804 633 1877 facta
665 1815 733 1894 est,
759 1804 843 1876 ideo
873 1803 960 1901 quia
987 1826 1169 1876 consensu

128 1917 328 1990 multorum
354 1928 411 1990 est
435 1918 647 2013 approbata.
700 1917 854 1992 Quoties
874 1917 987 2013 igitur
1006 1916 1045 1989 in
1069 1940 1169 1989 com-

127 2031 320 2126 putatione
349 2031 427 2104 sive
456 2031 734 2104 ratiocinatione
764 2031 883 2104 oritur
906 2030 1168 2118 controversia,

128 2143 193 2232 illi,
208 2144 343 2238 quibus
356 2144 608 2217 controversia
625 2155 692 2234 est,
709 2168 777 2239 pro
795 2156 897 2217 recta
913 2143 1055 2217 ratione
1073 2144 1169 2216 arbi-

129 2256 179 2328 tri
195 2255 351 2352 alicujus
366 2256 425 2328 vel
438 2256 573 2353 judicis
590 2256 774 2330 rationem
790 2257 1015 2330 constituere
1032 2257 1170 2330 debent

130 2369 348 2458 voluntarie,
380 2392 454 2465 qua
484 2380 641 2465 uterque
675 2370 892 2466 obligandus
926 2370 996 2453 sit;
1034 2370 1169 2466 alioqui

132 2481 382 2555 controversia
410 2505 536 2556 eorum
566 2492 629 2555 aut
662 2507 738 2554 non
773 2481 935 2570 omnino,
966 2494 1031 2555 ant
1059 2483 1170 2555 armis

131 2593 368 2691 dijudicanda
395 2605 462 2684 est,
492 2594 638 2669 defectu
669 2605 780 2668 reotae
810 2595 964 2668 rationis
994 2619 1017 2666 a
1038 2607 1172 2668 natura

131 2708 355 2782 constitutae.
408 2706 509 2782 ldem
528 2709 710 2805 contingit
726 2709 765 2782 in
782 2710 883 2781 omni
899 2732 1034 2805 genere
1052 2719 1171 2782 certa-

131 2821 251 2895 minis.
305 2821 464 2896 Quando
485 2822 582 2894 enim
606 2822 771 2895 homines
795 2832 1009 2919 arrogantes
1028 2823 1171 2919 sapien-

129 2935 243 3008 tiores
254 2959 294 3008 se
305 2936 447 3009 eaeteris
459 2936 627 3009 omnibus
638 2959 716 3008 esse
727 2935 1172 3032 credunt‚elamantesque

129 3073 199 3145 pro
222 3049 348 3142 judice
370 3061 510 3123 rectam
535 3050 715 3123 rationem
738 3049 937 3146 postulant,
959 3050 1049 3122 nihil
1073 3049 1173 3123 aliud

132 3174 317 3256 quaerunt,
328 3185 439 3258 quam
449 3171 491 3234 ut
503 3185 560 3234 res
570 3185 636 3234 sua
646 3162 810 3257 ipsorum
821 3162 962 3234 ratione
969 3163 1171 3257 judicatum

131 3272 172 3344 id
189 3272 290 3368 quod
306 3273 345 3345 in
363 3273 537 3346 societate
559 3273 720 3346 humana
739 3274 968 3347 intolerabile
985 3298 1089 3370 aeque
1106 3285 1172 3362 est,

133 3409 178 3457 aa
199 3385 230 3458 si
254 3385 348 3480 quis,
371 3384 501 3458 ludens
522 3386 645 3474 cartis,
669 3409 736 3482 pro
760 3398 862 3459 carta
887 3387 1099 3461 dominante
1117 3387 1173 3458 uti

132 3497 243 3571 vellet
267 3522 323 3588 ea,
348 3499 454 3594 eujus
473 3497 625 3572 haberet
645 3498 723 3593 ipse
744 3499 944 3571 maximum
968 3522 1171 3571 numerum.

136 3610 235 3685 Quid
263 3612 363 3684 enim
387 3610 488 3684 aliud
512 3611 665 3700 faciunt,
685 3611 747 3707 qui
772 3635 855 3683 suas
878 3636 1039 3707 quasque
1057 3610 1175 3683 domi-

134 3735 265 3797 nantes
287 3724 477 3821 passiones
500 3749 568 3822 pro
589 3736 691 3797 recta
713 3724 855 3797 ratione
878 3725 999 3796 valere
1019 3735 1174 3814 certam,

136 3839 248 3912 etiam
280 3838 320 3911 in
355 3839 432 3911 suis
470 3839 631 3934 ipsorum
668 3838 806 3925 litibus,
842 3836 1027 3909 defectum
1061 3850 1173 3910 rectae

136 3951 291 4025 rationis
308 3951 390 4046 ipsa
406 3951 653 4045 postulatione
671 3948 933 4022 ostendentes?

186 4065 286 4138 Usus
302 4086 507 4159 scopusque
530 4063 684 4136 rationis
704 4087 779 4135 non
802 4072 858 4135 est
884 4063 993 4134 unius
1009 4063 1067 4134 vel
1085 4088 1175 4159 pau-

135 4201 264 4250 carum
291 4176 648 4271 consequentiarum,
672 4201 695 4248 a
720 4175 846 4271 primis
872 4175 1062 4248 nominum
1088 4176 1178 4248 defi-

134 4289 342 4364 nitionibus
372 4300 608 4377 remotarum,
636 4289 813 4362 inventio.
867 4289 976 4362 Ratio
1002 4314 1025 4361 a
1050 4290 1179 4386 primis

239 4423 337 4474 von.
352 4423 415 4475 111.
1054 4427 1078 4475 n

1213 589 1291 639 CAP.
1304 591 1338 640 V.

1200 670 1344 705 κ-Ὑω

1205 734 1239 777 De
1249 734 1332 777 rationo

1204 804 1227 842 et
1235 798 1333 843 micans
