2926 4980
505 382 558 433 nu
580 382 785 434 crvruaru.
1084 369 1157 434 243

120 548 231 636 entia,
251 559 289 621 et
304 547 457 645 proinde
475 549 671 622 eoncordia
688 550 833 640 civium,
851 574 927 623 non
951 549 1061 623 modo
1081 574 1157 623 non
1182 581 1258 631 exp.
1271 581 1358 631 xxx.

120 661 303 734 florebunt
329 665 436 750 cives,
455 661 520 734 sed
543 661 669 735 civitas
685 663 787 736 brevi
805 676 968 758 tempore
985 662 1155 736 dissolve·
1168 663 1349 769 ΒΜ,

119 785 199 847 tur:
227 774 337 871 iique,
356 777 419 870 qui
445 776 522 847 sine
544 799 695 847 summae
719 776 910 871 potestatis
935 775 1338 849 authoritateoeperaua

120 887 304 982 corrigere
315 899 460 960 tantum
473 888 658 961 civitatem
671 888 816 976 vellent,
830 912 910 961 eam
925 887 1073 961 tandem
1082 913 1157 961 non

120 1001 318 1094 corrigent,
330 999 394 1072 sed
408 999 616 1073 destruent:
645 1000 950 1095 quemadmodum
968 999 1005 1072 in
1021 1001 1157 1091 fabula,

121 1113 218 1186 Pelei
235 1112 320 1185 filiae
338 1112 515 1208 decrepiti
532 1113 645 1208 patris
659 1114 889 1208 juventutem
904 1137 1079 1186 renovare
1096 1138 1158 1188 cu-

119 1226 272 1322 pientes,
284 1226 435 1299 consilio
447 1226 588 1299 Medeae
599 1227 700 1299 illurn
711 1225 974 1316 dissecuerunt,
986 1237 1024 1298 et
1034 1227 1157 1300 nescio

121 1341 252 1434 quibus
265 1340 388 1412 herbis
401 1341 599 1412 commistis
617 1353 826 1435 coquentes
841 1339 1064 1428 occiderunt,
1082 1363 1157 1411 non

121 1464 354 1525 renovarunt.
408 1453 630 1547 Hujusmodi
650 1452 890 1526 reformandae
907 1453 1064 1525 civitatis
1082 1464 1157 1525 stu-

121 1565 233 1653 dium,
245 1565 361 1638 simile
375 1579 430 1639 est
444 1570 522 1662 ejus
537 1565 634 1662 quod
647 1565 861 1661 prohibetur
874 1591 895 1638 a
906 1566 985 1638 Deo
999 1564 1037 1636 in
1051 1565 1159 1637 deca-

120 1679 195 1774 logi
213 1679 386 1753 mandato
416 1681 546 1775 primo,
568 1704 638 1752 non
659 1678 812 1752 habebis
839 1703 964 1753 coram
985 1703 1041 1751 me
1068 1678 1157 1751 deos

121 1790 278 1864 alienos.

172 1904 354 1992 Secundo,
367 1904 523 1978 docendi
536 1916 622 1978 sunt
635 1930 680 1977 ne
694 1905 847 2000 alicujus
860 1906 949 1978 civis
961 1905 1019 1977 vel
1029 1916 1156 1993 coetus,

121 2030 365 2114 praeterquam
391 2020 535 2108 summi,
554 2032 874 2115 quantumcunque
891 2019 1078 2114 conspicui
1094 2030 1158 2088 aut

121 2131 317 2203 virtutibus
343 2131 559 2219 admirandi,
582 2132 684 2204 cultu
708 2133 762 2204 ita
787 2132 1018 2218 seducantur,
1040 2140 1081 2200 ut
1106 2127 1158 2200 illi

123 2244 366 2316 obedientiam
397 2255 460 2317 aut
489 2244 668 2316 honorem
699 2268 850 2316 summae
872 2241 1046 2338 potestati
1075 2263 1160 2334 pro-

122 2359 243 2453 prium
262 2358 439 2447 deferant,
458 2368 495 2430 et
512 2383 579 2453 pro
605 2381 762 2454 persona
787 2355 945 2429 civitatis
962 2376 1160 2449 repraesen-

122 2470 238 2542 tativa
262 2471 433 2543 habeant.
487 2472 640 2566 Signum
667 2470 764 2541 enim
789 2479 845 2542 est
861 2467 1037 2564 poputum
1054 2489 1159 2538 suum

122 2583 279 2657 amantis
306 2584 507 2680 zelotypia:
536 2585 632 2656 cives
650 2593 771 2654 autem
788 2580 975 2653 blanditiis
993 2590 1030 2652 et
1046 2603 1160 2675 popu-

121 2697 252 2769 larium
263 2697 472 2769 adulatione
489 2707 531 2769 ut
544 2696 765 2769 seducantur
778 2694 866 2789 pati,
881 2693 983 2789 quasi
1001 2690 1159 2764 civitatis

121 2810 333 2906 prostitutio
368 2810 535 2905 quaedam
563 2822 630 2897 cst,
661 2820 698 2880 et
724 2807 965 2902 transgressio
995 2803 1158 2877 mandati

122 2923 284 2996 secundi.

172 3037 297 3108 Tertia
307 3049 374 3124 cst,
386 3048 429 3108 ut
443 3036 643 3108 doceantur
661 3057 770 3129 quam
786 3056 897 3128 grave
908 3030 956 3102 sit
967 3039 1159 3126 peecatum

123 3172 265 3220 summo
288 3148 495 3242 imperanti,
514 3147 589 3219 sive
607 3147 637 3218 is
656 3144 853 3218 monarcha
871 3145 918 3216 sit
936 3144 1011 3215 sive
1029 3152 1157 3229 coetuS,

123 3260 351 3344 maledicere,
371 3260 416 3331 de
434 3259 600 3355 potentia
617 3260 694 3353 ejus
712 3258 908 3355 disputare,
922 3256 980 3328 vel
998 3277 1159 3350 quocun-

125 3373 316 3468 quemodo
331 3373 434 3445 illum
445 3373 515 3444 nisi
527 3372 676 3444 honoris
687 3369 1010 3450 causanominarc3
1029 3367 1159 3461 quibus

124 3487 232 3559 rebus
246 3487 437 3582 contingat
447 3497 489 3557 ut
502 3511 524 3557 a
542 3485 680 3558 civibus
693 3484 795 3579 parvi
808 3485 884 3571 fiat,
900 3496 937 3555 et
952 3479 1160 3553 obedientia

124 3623 262 3687 eorum,
281 3599 318 3670 in
343 3623 415 3694 qua
441 3598 607 3671 consistit
635 3597 793 3670 civitatis
812 3597 920 3684 salus,
938 3593 1158 3680 remittatur,

125 3736 206 3807 quae
223 3711 386 3784 mandati
403 3713 501 3784 tertii
519 3711 758 3805 transgressio
777 3720 843 3781 est.

176 3825 317 3898 Quane
342 3837 408 3915 est,
434 3837 488 3910 ut,
512 3826 597 3921 quia
620 3823 776 3920 populus
802 3822 920 3895 officia
945 3844 1011 3892 sua
1037 3816 1159 3890 doceri

124 3962 198 4010 non
215 3949 348 4034 potest,
360 3962 478 4032 neque
497 3938 577 4034 quis
594 3937 653 4025 sit,
672 3937 730 4009 cui
744 3934 891 4008 obedire
909 3933 1051 4018 debeat,
1067 3930 1160 4002 scire

124 4053 194 4124 nisi
211 4076 234 4124 a
249 4053 479 4147 propriarum
497 4049 779 4146 occupationum
795 4046 1040 4142 temporibus;
1066 4053 1159 4114 tem-

124 4189 215 4259 pora
228 4165 396 4261 quaedam
410 4165 627 4251 eximantur,
634 4162 764 4257 quibus
778 4160 825 4233 ad
838 4156 1059 4233 audiendum
1073 4153 1160 4227 doc-

124 4289 222 4351 tores
239 4303 325 4351 suos
342 4278 536 4352 convenire
554 4276 696 4363 debeat,
710 4286 749 4348 et
764 4274 828 4347 ubi
845 4274 942 4368 leges
960 4269 1161 4343 recitentur

983 4406 1035 4455 na
