2926 4980
343 380 397 431 nn
417 380 609 432 c1v1rarn
629 378 899 432 cumsrrarm.
1067 364 1135 430 281

100 548 214 620 Juxta
231 547 325 618 hanc
343 547 512 621 vocabuli
530 547 703 644 corporis
720 545 984 643 acceptionem,
1003 568 1141 643 corpus
1154 576 1353 630 cffixxxrv,

102 673 140 732 et
169 658 382 733 substantia
412 661 508 733 idem
543 661 774 756 significant;
809 674 847 733 et
876 659 1042 757 proinde,
1069 684 1141 732 vox
1155 658 1356 778 „offim

103 775 314 870 composita,
333 774 545 846 substantio
565 775 801 872 incorporea,
813 784 868 846 est
880 772 1141 868 insignificans,
1153 800 1219 844 qam
1234 785 1316 828 habent
1332 783 1356 825 a

1154 851 1274 909 scripturis
1284 847 1357 891 Sacris

103 911 208 982 aeque
227 912 270 960 ac
297 889 327 959 si
354 889 434 982 quis
452 887 593 960 diceret
611 911 749 985 corpas
768 888 1052 983 incorporeum
1078 909 1142 958 ne·
1154 915 1263 961 vomu.
1281 913 1342 988 spru

104 1025 174 1097 qne
188 1001 261 1090 illa,
273 1025 392 1097 neque
406 1025 475 1074 vox
494 1000 768 1089 inrmoteriolia,
780 1001 817 1073 in
831 1001 1020 1096 Scriptura
1031 1000 1144 1072 Sacra
1154 978 1311 1105 {ssfflm’
1325 991 1359 1021 ω’

105 1139 261 1211 usquam
276 1115 473 1188 invenitur.

153 1228 268 1301 Juxta
282 1253 428 1301 sensum
442 1242 565 1301 autem
577 1225 689 1321 vulgi,
708 1250 784 1299 nou
801 1237 922 1298 totum
931 1226 1164 1298 universum·

104 1365 172 1437 pro
190 1366 343 1437 corpore
360 1342 487 1414 haberi
514 1342 619 1428 solet,
646 1339 711 1411 sed
729 1350 853 1434 partes
878 1340 956 1435 ejus
974 1339 1046 1411 illae
1065 1352 1147 1412 tan-

105 1464 184 1525 tum
215 1478 304 1549 quas
331 1478 440 1550 agere
468 1454 506 1525 in
539 1476 577 1525 se
607 1452 706 1548 ipsos
734 1470 798 1524 aut
832 1463 936 1524 tactu
971 1452 1146 1543 sentiunt,

107 1567 254 1663 quando
273 1567 458 1656 resistunt,
477 1579 541 1638 aut
559 1567 649 1654 visu,
669 1565 815 1661 quando
828 1579 1064 1661 prospectum
1082 1566 1149 1638 im·

106 1680 272 1776 pediunt.
325 1680 453 1775 ltaque
471 1679 508 1750 iu
523 1702 690 1750 sermone
708 1678 819 1773 vulgi,
835 1702 903 1749 ner
921 1691 958 1751 et
975 1676 1147 1750 substan-

108 1793 170 1867 tia
187 1794 302 1866 aeria
320 1817 393 1865 uon
411 1794 593 1865 habentur
609 1815 677 1887 pro
703 1791 928 1887 corporibus,
955 1790 1031 1880 sed,
1058 1814 1148 1886 quo·

108 1907 177 1980 ties
189 1908 235 1979 ab
250 1908 319 1979 illis
335 1906 473 2002 aliquid
483 1906 685 2002 patiuntur,
696 1916 827 1977 ventus
841 1918 878 1977 et
892 1905 1042 2000 spiritus
1057 1904 1148 1976 dici-

109 2032 181 2109 tur,
199 2033 242 2092 ut
259 2021 421 2116 spiritur
439 2019 569 2092 vitalis
587 2031 625 2090 et
642 2019 802 2115 spiritns
821 2019 1008 2091 animalis.
1037 2018 1149 2093 Quod

108 2147 231 2206 autem
249 2133 384 2206 attinet
401 2132 448 2205 ad
476 2131 574 2204 idola
598 2132 751 2219 cerebri,
778 2131 854 2203 sive
881 2132 1149 2227 phantasmata,

110 2271 191 2342 quae
214 2246 385 2318 videntur
403 2257 440 2318 et
466 2269 540 2317 non
568 2255 664 2330 sunt,
696 2242 818 2339 qualia
843 2243 880 2315 iu
908 2244 1065 2340 speculis
1090 2245 1149 2317 vel

110 2358 272 2447 somniis,
290 2359 347 2430 vel
366 2359 476 2431 etiam
495 2358 692 2453 aliquando
716 2380 782 2453 per
806 2358 946 2429 cerebri
973 2360 1151 2454 intempe-

110 2472 201 2544 riem
219 2472 455 2568 vigilantibus
479 2485 670 2566 apparent,
689 2482 834 2564 spectra
859 2481 957 2559 sunt,
984 2482 1033 2560 et,
1052 2471 1152 2565 quod

110 2585 296 2679 apostolus
313 2586 568 2657 universaliter
586 2582 631 2655 de
650 2582 757 2655 idolis
772 2582 873 2672 dicit,
887 2583 994 2657 nihil.
1036 2584 1150 2672 Nihil,

111 2699 273 2792 inquam,
293 2699 443 2769 omuino
462 2698 512 2768 ibi
526 2696 590 2767 ubi
608 2696 778 2768 videntur
792 2720 884 2783 esse,
904 2721 1023 2793 neque
1041 2697 1078 2769 in
1094 2721 1152 2770 ce·

112 2811 219 2883 rebro
230 2810 309 2906 ipso
325 2810 426 2882 aliud
440 2834 548 2905 quam
562 2809 740 2881 tumultus
753 2822 856 2881 ortus
870 2810 916 2881 ab
929 2834 1152 2906 organorum

111 2923 322 3018 agitatione.
353 2922 530 2995 Homines
544 2933 680 3011 autem,
693 2945 847 3017 quorum
863 2922 987 3011 animi,
999 2923 1079 2996 aliis
1093 2949 1153 2998 co-

112 3037 351 3132 gitationibus
368 3036 549 3131 occupati,
567 3059 690 3107 rerum
708 3058 834 3107 causas
852 3059 926 3107 non
950 3036 1153 3131 inquirunt,

112 3150 281 3222 nesciunt
299 3149 483 3246 quomodo
501 3148 666 3221 vocanda
690 3148 774 3238 sint,
802 3164 840 3221 et
862 3149 1017 3245 proinde
1046 3150 1153 3224 facile

113 3263 325 3359 persuaderi
342 3277 497 3358 possunt
524 3265 570 3335 ab
602 3263 671 3335 illis
704 3286 859 3358 quorum
888 3263 1078 3336 scientiam
1096 3287 1154 3336 re-

112 3389 299 3463 verentur,
313 3390 354 3449 ut
373 3388 503 3448 vocent
520 3376 593 3465 illa,
614 3400 686 3448 uon
715 3388 870 3472 spectra,
895 3376 959 3448 sed
983 3400 1153 3473 corpora;

113 3502 316 3587 putentque
330 3503 522 3585 compacta
535 3514 613 3562 esse
627 3513 671 3561 ex
686 3512 770 3561 aere
784 3490 1069 3585 perpotentiam
1088 3490 1154 3562 ali-

115 3627 224 3698 quam
259 3604 594 3698 supernaturalem:
628 3603 737 3675 etiam
763 3603 976 3697 persuaderi
1001 3616 1156 3699 possunt

115 3719 188 3803 alii,
217 3717 316 3813 quod
341 3731 426 3789 sunt
453 3717 614 3812 spiritus,
641 3729 837 3812 propterea
873 3716 972 3811 quod
994 3717 1033 3788 in
1060 3716 1155 3806 loco,

114 3831 178 3902 ubi
208 3831 380 3903 videntur
408 3854 498 3919 esse,
529 3843 631 3903 tactu
657 3830 846 3925 percipere
874 3829 965 3902 nihil
991 3840 1155 3925 possunt.

117 3945 269 4041 Propria
282 3969 370 4040 ergo
389 3945 607 4039 significatio
625 3943 799 4040 spiritua,
811 3944 849 4014 in
864 3966 1032 4015 sermone
1044 3941 1156 4037 vulgi,

117 4069 180 4130 aut
206 4082 337 4153 corpus
368 4058 511 4145 subtile,
540 4056 705 4144 fluidum,
732 4069 770 4128 et
795 4056 975 4127 invisibile
1001 4066 1069 4142 est,
1093 4068 1158 4127 aut

117 4185 312 4266 spectrum,
340 4171 376 4242 id
402 4182 468 4257 est,
487 4170 626 4242 idolum
645 4192 709 4240 seu
726 4169 956 4264 phantasma.
1010 4169 1158 4264 Signifi-

55 4375 59 4383 Ι
116 4284 278 4356 cationes
289 4297 413 4356 autem
425 4283 909 4378 metaphoricae,praesertim
922 4281 959 4353 in
968 4281 1159 4377 Scriptura
