2926 4980
517 376 572 427 mr
592 375 774 427 neurus.
1099 363 1163 426 101

122 543 325 633 oblatrant,
355 543 517 617 interdiu
551 544 699 640 quidem
729 544 877 640 ignotis,
904 553 1019 619 noctu
1041 555 1165 616 autem
1196 577 1363 627 cumn.

121 658 322 731 omnibus?
1207 659 1349 692 ἢ*

1180 720 1215 764 De
1224 719 1348 763 conditione

176 770 252 843 Sed
276 771 441 845 omnium
467 770 506 844 in
532 794 669 861 omnes,
696 770 839 867 inquiet
863 770 1006 867 aliquis,
1030 769 1166 843 bellum
1179 784 1372 860 uenerishumuni.

123 907 315 980 nunquam
333 895 425 958 erat.
469 884 582 974 Quid,
595 907 718 958 nonne
730 884 881 957 fratrem
895 908 1001 956 suum
1014 883 1167 955 Abelem
1179 853 1374 959 ffiffl

125 997 266 1071 invidia
277 997 464 1070 interfecit
482 997 584 1087 Cain,
597 1009 743 1069 tantum
758 996 900 1069 facinus
913 1021 989 1069 non
1001 1019 1167 1085 ausurus
1178 979 1358 1038 mm

127 1111 159 1183 si
175 1111 381 1184 communis
392 1110 568 1207 potentio,
582 1134 665 1207 quae
677 1107 863 1183 vindicare
873 1110 1065 1207 potuisset,
1079 1120 1169 1182 tunc

126 1224 335 1298 extitisset?
379 1224 515 1298 Nonne
527 1224 635 1297 hodie
648 1224 775 1297 multis
787 1225 826 1296 in
840 1223 929 1297 loeis
942 1225 995 1296 ita
1007 1223 1167 1296 vivitur?

128 1337 352 1427 almericum,
362 1347 517 1433 excepto
529 1336 625 1433 quod
636 1361 703 1433 per
712 1336 868 1411 familias
880 1361 1012 1433 parvas
1025 1337 1168 1433 legibus

128 1451 291 1547 paternis
303 1450 443 1524 subditi
456 1463 554 1540 sunt,
568 1474 723 1546 quarum
739 1450 960 1524 familiarum
971 1450 1169 1524 eoncordia

128 1564 369 1638 similitudine
385 1563 463 1637 sola
479 1563 724 1661 cupiditatum
737 1565 950 1655 sustinetur,
964 1565 1016 1638 ita
1027 1565 1167 1637 vivunt.

129 1678 260 1754 Qualis
286 1677 399 1750 etiam
424 1678 502 1750 vita
531 1677 721 1750 hominum
751 1691 848 1751 esset
873 1678 965 1750 nulli
991 1678 1168 1774 potentiae

127 1792 316 1865 communi
340 1790 582 1880 subditorum,
600 1815 646 1863 ex
669 1792 746 1863 vita
768 1815 895 1864 eorum
914 1790 1086 1888 cognosci
1102 1815 1169 1888 po-

127 1917 213 1995 test,
232 1905 365 2002 quibus
381 1905 518 1980 bellum
535 1917 591 1977 est
607 1904 725 1976 civile.

180 2019 415 2115 Quamquam
425 2028 548 2090 autem
557 2028 702 2112 tempus
713 2040 901 2112 nunquam
910 2016 1033 2106 fuerit,
1044 2018 1083 2089 in
1094 2042 1167 2113 quo

126 2133 379 2227 unusquisque
391 2131 677 2225 uniuscujusque
690 2129 803 2203 hostis
817 2141 908 2218 erat,
923 2154 1026 2226 reges
1044 2143 1168 2204 tamen

129 2256 170 2317 et
200 2268 369 2340 personae
398 2267 577 2317 summam
610 2244 788 2317 habentes
818 2254 1040 2338 potestatem
1069 2245 1168 2317 omni

128 2357 289 2454 tempori
312 2357 437 2430 hostes
462 2357 559 2430 inter
588 2380 627 2429 se
656 2366 752 2428 sunt.
805 2355 958 2452 Semper
985 2357 1082 2428 enim
1108 2357 1170 2429 alii

133 2472 214 2544 aliis
230 2469 392 2568 suspecti
408 2481 507 2560 sunt,
524 2494 626 2543 more
650 2480 789 2542 stantes
810 2469 1041 2564 gladiatorio,
1060 2471 1170 2543 armis

131 2584 321 2680 oculisque
343 2584 507 2673 intentis,
528 2583 567 2657 id
593 2592 660 2672 est,
688 2583 844 2656 castellis
864 2598 903 2656 et
925 2583 1106 2679 praesidiis
1124 2584 1172 2657 ad

134 2698 295 2771 confinia
305 2697 507 2788 collocatis,
520 2710 558 2770 et
570 2697 860 2793 exploratoribus
878 2696 917 2769 in
934 2697 1075 2770 hostico
1091 2697 1173 2770 lati-

133 2811 307 2900 tantibus,
326 2834 410 2907 quae
435 2820 491 2883 est
516 2809 678 2883 conditio
703 2810 801 2882 belli.
854 2809 928 2882 Sed
945 2809 1031 2905 quia
1048 2810 1171 2883 subdi-

134 2935 257 2997 torum
274 2923 384 2997 saluti
396 2922 580 3019 provideri
592 2922 699 2997 nliter
714 2947 791 2995 non
808 2932 943 3018 potest,
961 2947 1036 2996 non
1053 2925 1171 3021 sequi-

135 3047 197 3111 tur
221 3037 306 3110 inde
336 3037 484 3110 miseria
511 3036 575 3109 illa
608 3061 690 3132 quae
723 3036 951 3132 privatorum
985 3037 1172 3111 hominum

135 3152 341 3225 libertatem
357 3151 504 3248 plenam
520 3160 721 3246 sequutura
737 3163 844 3222 esset.

173 3265 366 3354 Praeterea,
379 3264 476 3337 bello
489 3264 652 3337 omnium
666 3273 795 3336 contra
807 3288 934 3336 omnes
948 3287 1172 3360 consequens

138 3388 202 3468 est,
219 3389 262 3450 ut
277 3378 370 3451 nihil
387 3377 584 3450 dicendum
601 3378 650 3450 sit
670 3378 857 3472 injustum.
909 3377 1069 3451 Nomina
1081 3377 1173 3473 justi

138 3503 175 3563 et
189 3490 315 3587 injusti
331 3490 453 3563 locum
469 3491 508 3562 in
520 3491 590 3564 hac
603 3489 813 3564 conditione
823 3515 897 3564 non
911 3490 1058 3563 habent.
1109 3489 1174 3562 Vis

140 3613 177 3675 et
191 3604 296 3677 dolus
318 3603 358 3675 in
381 3603 478 3676 bello
494 3604 649 3677 virtutes
675 3604 876 3677 cardinales
894 3617 991 3677 sunt.
1043 3605 1174 3700 Neque

141 3727 223 3790 sunt
240 3716 385 3814 justitia
401 3727 438 3789 et
455 3717 636 3813 injustitia
648 3718 813 3813 corporis
831 3728 894 3790 aut
911 3718 1042 3790 animae
1059 3716 1174 3790 facul-

140 3840 252 3915 tates3
279 3854 366 3903 nam
390 3829 422 3901 si
439 3842 571 3919 essent,
589 3828 728 3902 homiui
750 3830 866 3902 inesse
891 3841 1040 3926 possent
1057 3830 1120 3928 qui
1137 3830 1173 3903 in

141 3943 273 4015 mundo
300 3941 485 4015 solitarius
511 3952 605 4015 esset
623 3955 661 4016 et
677 3942 817 4015 unicus.
871 3943 1077 4017 Qualitates
1095 3945 1176 4041 qui-

140 4055 220 4128 dem
248 4054 408 4128 hominis
434 4065 529 4145 sunt,
556 4079 631 4127 uon
653 4067 777 4128 antem
802 4065 982 4152 quatenus
1004 4057 1175 4147 hominiS,

139 4168 202 4241 sed
232 4180 413 4264 quatenus
439 4167 540 4241 civis.
594 4167 726 4241 Eidem
755 4167 958 4242 conditioni
985 4171 1177 4244 hominum

138 4304 364 4378 consequens
382 4293 450 4372 est,
464 4292 505 4355 ut
520 4281 663 4354 nullum
679 4282 727 4355 sit
744 4281 957 4373 dominium,
975 4284 1076 4358 nulla
1090 4307 1176 4380 pro-
