2926 4980
510 376 563 428 nu
584 376 788 432 crvrra‘rn.
1092 362 1154 441 171

120 564 190 613 mae
215 542 410 637 potestatis
428 542 543 616 civilis
560 544 763 618 constituta
783 556 880 617 sunt.
935 544 1093 616 Privata
1120 566 1163 615 ea
1185 580 1263 629 cyp,
1276 579 1366 628 xxu.

121 665 219 744 sunt,
237 679 320 750 quae
338 657 615 730 constituuntur
631 659 678 731 ab
697 660 783 755 ipsis
801 659 941 732 civibus
955 657 1014 730 vel
1031 658 1160 731 autho·
1187 663 1344 776 ὦ

120 767 232 840 ritate
256 768 380 864 aliqua
400 780 595 853 extranea3
623 795 705 867 quae
722 773 936 859 authoritas,
955 772 1040 867 quia
1056 796 1079 844 a
1095 796 1161 867 po·
1186 783 1341 830 tiberium

121 891 256 954 testate
272 892 448 955 extranea
465 883 662 970 derivatur,
667 884 827 983 publiea
844 908 919 959 non
937 896 1003 957 est.

172 998 422 1093 systematum
457 1001 685 1097 privatorum
715 1002 787 1075 alia
821 1001 928 1074 licita
960 1014 1058 1090 sunt,
1092 1002 1164 1075 alia

122 1110 275 1184 illicita.
327 1111 458 1185 Licita
476 1137 520 1186 ea
536 1127 623 1186 suut
641 1138 723 1209 quae
735 1116 973 1211 probantura
990 1115 1161 1199 civitate;

122 1237 260 1298 caetera
276 1225 428 1299 illicita.

174 1339 386 1436 Systemata
408 1339 625 1436 irregularia
649 1353 736 1414 sunt
760 1365 842 1436 quae
859 1366 943 1413 cum
968 1364 1163 1437 personam

122 1475 199 1525 non
228 1452 402 1542 habeant,
430 1455 637 1526 consistunt
666 1455 705 1527 in
731 1478 912 1527 concursu
937 1466 1083 1527 tantum
1096 1478 1162 1550 po-

121 1564 222 1661 puli;
250 1589 344 1661 quae,
358 1568 389 1638 si
406 1566 487 1662 lege
505 1567 603 1640 civili
612 1592 687 1640 non
705 1568 781 1640 sint
794 1568 909 1641 vetita
921 1578 958 1640 et
972 1568 1050 1640 sine
1067 1567 1164 1640 mala

123 1679 330 1752 intentione
351 1681 453 1769 fiant,
472 1680 589 1775 qualis
607 1693 662 1753 est
688 1682 877 1754 confluxus
893 1681 1019 1777 populi
1045 1681 1092 1753 ad
1109 1680 1164 1753 fo-

123 1815 219 1881 rum,
242 1791 300 1864 vel
313 1817 496 1889 pompam,
512 1793 570 1865 vel
587 1793 700 1866 alium
716 1795 828 1866 finem
845 1795 1046 1882 innoxium,
1064 1794 1165 1866 licita

122 1919 220 1979 sunt.
252 1906 411 1980 Quando
429 1918 550 1980 autem
579 1908 729 1981 consilio
753 1908 849 1980 malo
866 1909 1069 1997 confluunt,
1094 1907 1164 1997 vel,

124 2020 155 2092 si
181 2019 380 2092 multitudo
393 2045 527 2116 magna
543 2021 603 2109 sit,
621 2021 823 2116 incognito,
841 2021 969 2093 illicita
985 2032 1080 2093 sunt.

174 2135 219 2206 ln
247 2134 506 2230 systematibus
533 2134 791 2222 subordinatis
817 2145 978 2230 potestas
995 2157 1164 2230 personae

124 2271 253 2321 eornm
272 2271 417 2343 semper
430 2248 649 2321 terminatur
664 2273 685 2320 a
698 2260 881 2344 potestate
893 2248 990 2320 civili
1006 2271 1164 2331 summa;

123 2362 260 2457 alioqui
270 2372 431 2458 systema
441 2362 722 2435 subordinatum
737 2386 812 2433 non
824 2372 930 2449 esset,
945 2361 1010 2433 sed
1022 2360 1164 2448 civitas,

124 2479 229 2573 cujus
248 2500 405 2572 persona
429 2477 563 2548 civium
589 2487 806 2548 cunctorum
834 2499 991 2571 persona
1019 2486 1097 2557 est;
1128 2483 1165 2547 et

124 2589 279 2687 proinde
296 2613 382 2686 pars
399 2589 533 2661 civium
549 2589 651 2661 nulla
676 2587 931 2684 repraesentari
948 2588 993 2660 ab
1012 2587 1083 2660 alio
1099 2611 1165 2683 po-

123 2713 210 2790 test,
240 2702 312 2775 nisi
339 2714 519 2797 quatenus
548 2726 716 2798 personae
747 2702 906 2774 civitatis
933 2702 1049 2774 visum
1081 2703 1164 2775 erit.

125 2816 342 2889 Permittere
370 2817 468 2887 enim
486 2827 529 2887 ut
546 2827 704 2910 systema
722 2815 857 2887 civium
887 2815 1165 2888 subordinatum

123 2943 270 3026 partem
286 2929 412 3025 populi
429 2928 467 3000 in
485 2929 593 3000 rebus
607 2930 777 3001 omnibus
794 2941 1086 3024 repraesentaret,
1105 2928 1167 3001 de·

124 3066 247 3115 serere
272 3054 369 3115 esset
395 3043 566 3130 eivitatiS,
584 3054 766 3138 quatenus
784 3041 833 3113 ad
848 3053 991 3137 partem
1009 3042 1156 3129 civium,

124 3157 303 3253 regimen,
315 3166 353 3229 et
367 3156 569 3229 dominium
583 3157 757 3244 dividere,
770 3168 899 3227 contra
910 3180 1036 3251 pacem
1053 3170 1091 3227 et
1109 3178 1165 3227 sa-

124 3269 242 3342 lutem
257 3269 395 3366 populi,
408 3269 449 3341 id
465 3268 564 3365 quod
577 3269 621 3358 is,
640 3269 704 3365 qui
718 3293 897 3341 summam
915 3269 1027 3341 habet
1044 3281 1166 3364 potes-

125 3394 254 3471 tatem,
265 3382 366 3455 nulla
377 3382 610 3455 concessione
623 3382 746 3455 facere
761 3382 991 3478 intelligitur,
1007 3406 1080 3477 qua
1092 3405 1166 3454 non

125 3496 327 3593 perspicuis
357 3496 478 3568 verbis
505 3497 733 3592 subjectione
761 3520 828 3568 sua
855 3496 953 3568 cives
976 3507 1163 3567 exonerat.

125 3609 332 3682 Verborum
349 3609 448 3681 enim
465 3609 734 3704 consequentiae
750 3608 950 3680 voluntatis
968 3609 1073 3703 sigua
1089 3629 1165 3678 non

128 3734 226 3810 sunt,
243 3723 308 3795 ubi
334 3722 604 3817 consequentiae
631 3721 712 3794 aliae
735 3721 840 3816 signa
857 3732 944 3793 sunt
965 3721 1003 3793 in
1021 3731 1167 3792 contra-

128 3833 245 3916 rium;
272 3834 339 3908 sed
364 3834 497 3906 erroris
522 3834 644 3930 potius
671 3847 709 3907 et
737 3833 839 3906 falsae
863 3833 1166 3922 ratiocinationiS,

130 3947 259 4042 quibus
274 3947 436 4021 humana
452 3961 585 4019 natura
601 3947 802 4043 subjicitur,
822 3947 927 4041 signa
944 3958 1041 4018 sunt.

180 4060 388 4148 Potestatis,
411 4084 521 4156 quam
549 4060 661 4131 habet
688 4072 847 4155 systema
873 4058 1165 4146 subordinatum,

131 4170 263 4245 limites
276 4184 549 4268 cognoscuntur
559 4172 699 4244 duabus
711 4172 831 4261 rebUS,
843 4196 974 4268 nempe
992 4171 1106 4244 literis
1119 4172 1166 4244 ab

132 4310 175 4358 eo
189 4286 252 4383 qui
270 4309 448 4359 summam
467 4286 578 4358 habet
595 4297 826 4381 potestatem,
845 4299 883 4358 et
899 4286 981 4381 lege
995 4285 1164 4358 civitatis.
