2926 4980
526 390 580 439 nn
599 387 806 440 crvrrarn.
1110 374 1180 439 231

145 555 344 628 aedificium
353 556 511 628 libenter
523 555 750 628 coalescunt:
770 552 1045 626 condendarum
1059 565 1183 626 tamen
1195 587 1273 636 cup,
1284 586 1385 635 mx,

148 669 268 763 legum
289 667 438 740 adeum
456 669 567 740 finem
592 667 878 740 conducentium
903 678 940 739 et
966 667 1096 761 quibus
1122 689 1183 737 ac·
1224 670 1366 701 ‘’⁸“

1196 738 1231 781 Da
1241 739 1268 780 iis
1278 737 1350 788 rebus,

148 780 266 853 tiones
282 805 365 854 suas
379 793 550 876 regerent
562 780 847 854 necessariarum
857 780 1028 875 imperiti,
1041 779 1183 874 patien-
1195 816 1245 859 qua
1255 801 1364 844 acaum

148 893 272 989 tiaque
299 907 337 965 et
361 893 565 966 bumilitate
584 907 749 966 carentes
773 894 915 989 quoties
933 892 1183 988 amplitudinis
1194 867 1397 989 millii}

150 1030 225 1080 suae
241 1007 352 1080 rudes
378 1019 415 1079 et
440 1008 613 1080 molestas
639 1007 855 1079 eminentias
872 1006 1088 1080 resecandas
1106 1029 1184 1079 esse
1195 996 1325 1040 ”mm
1343 993 1397 1051 Ψ·

149 1120 311 1210 videant,
336 1121 375 1191 in
395 1121 580 1192 civitatem
598 1121 667 1192 nisi
684 1120 730 1192 ab
747 1121 947 1192 architecto
965 1121 1185 1216 peritissimo

150 1233 337 1328 compingi
362 1257 437 1305 non
462 1246 628 1328 possunt,
647 1257 729 1329 quae
745 1234 851 1305 firma
876 1233 1001 1305 futura
1027 1234 1087 1322 sit,
1119 1259 1187 1306 neo

149 1346 208 1418 vel
225 1346 323 1441 ipsos
340 1348 398 1419 vel
417 1347 578 1442 ipsorum
596 1360 765 1442 posteros
781 1347 888 1419 ruina
901 1347 1095 1441 opprimat.

202 1461 304 1532 Inter
330 1460 569 1554 infirmitates
595 1460 754 1532 civitatis
772 1460 891 1555 primo
907 1460 990 1532 loco
1008 1460 1189 1556 ponendae

151 1585 238 1645 sunt
256 1574 339 1662 illae,
353 1598 433 1669 quae
447 1575 493 1645 ab
507 1574 722 1669 imperfecta
733 1585 933 1646 nascuntur
945 1575 1189 1662 institutione,

152 1687 358 1782 similesque
377 1698 462 1760 sunt
488 1689 652 1783 corporis
678 1689 854 1760 naturalis
875 1689 1012 1760 morbis
1036 1688 1190 1784 illisqui

152 1800 394 1896 procedunto
411 1802 648 1897 generatione
661 1802 803 1874 vitiosa.

206 1914 372 1987 Quarum
399 1940 474 1987 una
508 1927 575 2003 est,
604 1915 705 2011 quod
735 1917 800 2012 qui
834 1939 990 2012 reguum
1024 1915 1191 1989 obtinere

154 2038 321 2114 conatur,
333 2037 524 2099 contentus
542 2028 762 2124 quandoque
779 2028 830 2100 sit
841 2038 1035 2125 potestate
1053 2029 1192 2100 minore

154 2165 265 2236 quam
279 2167 362 2238 quce
380 2142 599 2213 adsalutem
617 2141 784 2213 ciuitatis
798 2143 1011 2214 necessario
1030 2142 1191 2238 requiri-

156 2264 230 2328 tur.
282 2256 471 2352 Contingit
490 2255 575 2327 inde
594 2265 636 2326 ut
652 2267 816 2349 potestas
834 2255 907 2343 illa,
927 2279 1008 2350 quae
1025 2255 1193 2350 neglecta

156 2380 245 2456 erat,
266 2369 412 2464 quando
430 2368 478 2440 ad
494 2368 678 2463 publicam
700 2369 854 2440 salutem
881 2368 1100 2440 resumenda
1125 2379 1191 2456 est,

156 2482 355 2577 resumptio
373 2484 461 2577 ejus,
478 2482 615 2576 injusta
640 2482 728 2569 visa,
747 2481 881 2552 multos
910 2480 1018 2550 simul
1036 2481 1132 2552 cives
1146 2479 1193 2552 ad

157 2596 385 2683 seditionem,
398 2595 486 2667 data
502 2593 706 2681 occasione,
720 2605 917 2688 provocet;
937 2592 1066 2664 eodem
1084 2594 1192 2688 plane

157 2709 266 2781 modo
282 2733 354 2804 quo
372 2731 526 2802 corpora
539 2731 737 2802 puerorum
752 2706 1001 2802 aparentibus
1016 2707 1193 2779 morbosis

158 2835 222 2895 aut
248 2823 356 2894 morti
381 2823 585 2893 immaturae
616 2821 782 2916 subjecta
808 2831 904 2906 sunt,
932 2831 996 2891 aut
1021 2820 1193 2891 humores

157 2935 270 3023 noxii,
288 2959 311 3006 a
327 2958 439 3029 prava
458 2935 695 3029 generatione
721 2934 803 3021 orti,
830 2944 1027 3028 erumpunt
1051 2933 1089 3005 in
1115 2957 1194 3006 sca-

157 3049 254 3120 biem
273 3060 311 3120 et
327 3048 462 3119 ulcera.
516 3047 627 3120 Quod
644 3058 767 3118 autem
784 3046 994 3141 hujusmodi
1020 3047 1105 3140 jura
1129 3069 1194 3118 ne-

158 3162 314 3233 cessaria
331 3160 462 3232 summi
479 3161 701 3255 imperantes
716 3161 784 3232 sibi
799 3173 946 3256 negent,
960 3185 1034 3232 non
1052 3184 1195 3257 semper

159 3275 204 3346 ab
223 3273 430 3367 ignorantia
448 3272 486 3344 id
503 3272 654 3360 faciunt,
673 3271 737 3344 sed
758 3271 954 3367 aliquando
972 3274 1017 3346 ab
1036 3297 1078 3345 eo
1096 3272 1195 3369 quod

159 3387 287 3461 eadem
300 3388 386 3482 jura
403 3387 554 3459 arbitrio
581 3412 647 3459 suo
674 3386 836 3480 recipere
855 3409 893 3457 se
910 3410 1016 3481 posse
1035 3395 1195 3482 sperant.

161 3497 235 3570 Sed
259 3522 338 3569 rem
364 3523 439 3570 non
465 3511 565 3571 recte
593 3510 802 3595 supputant.
868 3500 974 3572 Cives
992 3501 1101 3587 enim,
1133 3498 1196 3595 qui

160 3612 261 3684 illum
279 3612 492 3707 impedient,
510 3637 532 3685 a
553 3613 761 3686 civitatibus
786 3613 877 3701 aliia,
895 3638 977 3711 quae
998 3613 1045 3685 ad
1063 3612 1197 3684 civium

161 3749 309 3797 suorum
328 3725 482 3798 salutem
500 3726 638 3799 vicinos
665 3726 880 3799 debilitandi
906 3728 1196 3823 opportunitates

160 3862 243 3911 raro
272 3839 570 3934 praetermittunt,
597 3839 882 3913 sustinebuntur.
936 3841 996 3913 Sic
1025 3841 1195 3929 Thomna,

159 3952 465 4048 Archiepiscopus
483 3951 765 4043 Cantuariensis,
779 3964 909 4025 contra
924 3954 1127 4025 Hearicum
1141 3977 1197 4025 se-

160 4065 322 4138 cundum
345 4090 368 4138 a
393 4066 491 4159 Papa
516 4077 738 4137 sustentatus
764 4077 832 4153 est,
859 4089 903 4138 eo
929 4065 1076 4137 nomine
1099 4065 1197 4160 quod

162 4179 363 4252 Gulielmus
397 4202 462 4249 rex
495 4178 682 4250 libertates
716 4179 879 4251 ecclesiae
913 4177 1089 4250 Romanae
1122 4201 1196 4250 non

162 4291 383 4365 violaturum
401 4315 439 4363 se
457 4314 534 4364 esse
550 4293 759 4386 juramento
777 4293 1008 4387 promiserat.
1058 4291 1197 4365 Eodem
