2926 4980
319 353 390 423 334
559 368 614 422 nn
634 370 828 425 c1v1ruun
846 371 1114 425 cunrsnmna.

131 561 285 613 xxxvnr.
318 536 367 610 ad
382 560 536 633 regnum
549 537 699 634 aliquod
711 539 749 612 in
763 538 855 613 coelo
869 563 1062 638 empyreo,
1077 539 1192 612 aliave
1205 537 1357 633 regione

107 644 307 772 fflssfflssssm
318 651 488 740 aetherea,
506 651 598 726 nihil
615 653 796 749 reperitur
812 653 850 725 in
863 653 1060 749 Scripturis
1078 652 1210 726 Sacris,
1262 651 1358 746 Reg-

106 791 172 886 33⁸⁹
189 780 408 891 11,ιῑιεὸἲιζιιιιιιιι
437 775 562 839 tamen
585 766 734 839 coeleste
759 766 829 839 erit
850 777 1000 862 propter
1016 767 1190 840 thronum
1207 764 1245 836 in
1263 763 1357 836 coelo

108 850 309 965 voiiiiss'mfm
319 878 416 974 regis
441 878 610 952 coelestis.

368 993 425 1065 Ex
450 991 506 1066 his
532 1016 614 1088 quae
642 993 741 1066 dicta
768 1004 853 1067 sunt
878 993 923 1067 de
949 1017 1064 1090 regno
1098 994 1179 1082 Dei,
1213 1003 1252 1066 et
1286 992 1357 1066 sal-

319 1105 478 1197 vatione,
504 1105 612 1178 facile
640 1106 858 1202 intelligitur
892 1107 980 1202 quid
1005 1108 1053 1180 sit
1086 1107 1239 1180 mundus
1273 1131 1359 1180 vert-

320 1227 437 1291 turm.
490 1217 681 1290 Invenitur
697 1218 735 1289 in
751 1218 871 1291 Sacris
889 1219 1087 1315 Scripturis
1104 1219 1242 1292 mentio
1259 1218 1360 1292 facta

319 1330 431 1404 trium
454 1331 678 1421 mundorum,
692 1332 876 1420 nimirum,
904 1332 1029 1404 mundi
1053 1332 1204 1420 veteris,
1232 1330 1360 1405 muudi

314 1444 522 1542 presentie,
541 1452 578 1516 et
600 1443 725 1517 mundi
751 1445 908 1519 uenturi.
960 1446 1016 1518 De
1043 1446 1161 1542 primo
1193 1445 1360 1541 loquitur

323 1558 359 1631 S.
375 1559 505 1632 Petrus
526 1559 563 1648 (2
582 1559 659 1632 Pet.
673 1559 710 1632 ii.
730 1560 793 1651 5):
832 1559 876 1631 Si
909 1559 1092 1658 originali
1126 1560 1257 1633 mundo
1287 1583 1359 1632 mon
1440 1618 1446 1627 .

315 1670 495 1769 pepercit
512 1671 628 1761 Deus,
646 1672 717 1744 ced
740 1683 907 1745 octauum
924 1670 1053 1762 Nocm,
1075 1673 1242 1769 juctitioe
1252 1695 1361 1770 prce-

322 1809 456 1873 conem‚
483 1784 697 1870 custodiuit,
722 1785 900 1859 diluvium
924 1787 1054 1859 muodo
1080 1787 1274 1886 impiorum
1303 1786 1361 1858 in-

323 1897 473 1988 ducem,
491 1908 561 1971 etc.
614 1898 776 1972 Mundus
794 1923 882 1996 ergo
897 1912 1004 1972 vetus
1021 1901 1067 1973 ab
1092 1901 1234 1973 Adamo
1258 1923 1359 1973 com-

323 2022 475 2108 putatur
491 2013 671 2107 usquead
689 2012 877 2085 diluvium.
928 2013 984 2085 De
1013 2013 1151 2086 mundo
1178 2023 1360 2109 praesente

322 2123 485 2221 loquitur
511 2124 678 2199 Christus
705 2125 802 2218 (Joh.
821 2126 920 2198 xviii.
939 2129 1022 2219 36):
1057 2126 1227 2225 Regnum
1243 2150 1360 2198 meum

321 2262 393 2310 nom
422 2247 480 2310 eat
511 2263 559 2310 ec
589 2238 658 2311 hoc
681 2239 824 2311 mundo.
875 2239 985 2312 Venit
1007 2239 1106 2312 enim
1129 2239 1294 2311 Christus
1311 2237 1359 2310 ud

321 2361 473 2448 pactum
488 2361 594 2424 vetus
611 2351 883 2436 renovandum
910 2351 958 2425 ed
980 2351 1210 2448 regnandum
1235 2361 1360 2424 autem

322 2465 445 2538 veniet
461 2464 500 2536 in
519 2464 578 2537 die
592 2464 732 2560 judicii.
787 2464 843 2537 De
868 2463 1007 2537 mundo
1024 2475 1180 2537 venturo
1198 2463 1360 2559 loquitur

323 2577 360 2650 S.
380 2577 509 2650 Petrus
526 2578 563 2668 (2
581 2578 659 2651 Pet.
677 2577 728 2650 iii
752 2581 830 2672 l3):
858 2576 984 2650 Nouos
996 2600 1084 2649 vcro
1102 2576 1221 2666 cclcc,
1241 2587 1279 2649 et
1295 2602 1360 2648 no-

321 2714 403 2761 ocm
417 2701 571 2779 terram,
583 2700 620 2763 et
628 2691 821 2789 promisca
835 2690 954 2788 ipsius
968 2699 1216 2787 expectamus.
1235 2690 1359 2786 Atque

321 2801 383 2874 hic
401 2813 457 2873 est
480 2801 638 2874 mundus
664 2802 736 2891 ille,
756 2803 791 2875 in
812 2826 885 2898 quo
903 2802 1068 2875 Christus
1086 2826 1107 2874 e
1125 2801 1216 2874 coelo
1234 2802 1273 2873 in
1291 2827 1358 2874 nu-

322 2916 431 2988 bibus
449 2915 673 2988 descendens
690 2917 727 2988 in
746 2917 910 3011 potentia
933 2927 971 2987 et
991 2916 1108 3010 gloria
1132 2939 1276 3011 magna,
1294 2939 1358 2987 an-

322 3030 424 3124 gelos
450 3052 533 3101 suos
557 3029 707 3101 mittens
724 3030 962 3126 congregabit
979 3029 1113 3102 electos
1131 3053 1215 3101 suos
1232 3052 1255 3101 a
1271 3053 1360 3124 qua-

321 3152 409 3215 tuor
423 3143 544 3214 ventis
571 3154 609 3214 et
626 3142 672 3213 ab
690 3144 861 3215 extremis
880 3154 1000 3231 terrae,
1014 3154 1052 3215 et
1069 3143 1237 3238 regnabit
1251 3167 1360 3239 super

322 3279 385 3328 eos
403 3256 441 3327 in
459 3267 648 3328 aeternum.

373 3369 534 3443 Salvatio
551 3371 756 3465 peccatoris
771 3371 942 3466 supponit
960 3369 1248 3467 redemptionem
1264 3391 1359 3463 prae·

322 3482 524 3554 cedentem.
561 3482 658 3555 Nam
676 3483 737 3578 qui
752 3484 863 3555 semel
880 3483 1022 3579 peccati
1043 3506 1127 3554 reus
1145 3493 1212 3568 est,
1231 3504 1358 3576 poenas

323 3596 444 3684 debet,
459 3619 548 3691 quas
564 3597 643 3692 ipse
657 3598 715 3669 vel
728 3597 819 3669 alius
832 3620 900 3692 pro
914 3596 992 3691 ipso
1006 3597 1146 3669 solvere
1161 3594 1358 3688 obligatur,

321 3733 390 3804 pro
406 3709 526 3804 pretio
543 3708 823 3805 redemptionis;
843 3710 941 3804 quod
958 3708 1117 3805 pretium
1132 3719 1277 3780 tantum
1291 3718 1358 3794 est,

323 3834 502 3917 quantum
515 3821 546 3894 is
564 3823 626 3917 qui
643 3821 750 3894 laesus
761 3834 817 3895 est
835 3821 1043 3917 postulabit.
1095 3822 1219 3894 Laesus
1236 3830 1359 3893 autem

322 3937 423 4009 Deus
441 3947 518 4019 est3
537 3936 696 4032 pretium
715 3958 802 4030 ergo
819 3935 1081 4031 redemptionis
1099 3945 1166 4022 est,
1185 3932 1360 4029 quicquid

322 4049 402 4121 Deo
420 4048 605 4143 imponere
629 4048 747 4120 visum
764 4048 845 4121 erit.
911 4049 1093 4121 Damnum
1111 4046 1209 4142 quod
1226 4045 1287 4117 alii
1304 4045 1359 4134 fit,

321 4163 400 4234 tolli
417 4171 540 4257 potest
556 4184 622 4256 per
639 4158 920 4250 restitutionem,
938 4161 997 4233 vel
1014 4158 1359 4254 compensationem,

322 4298 477 4370 quarum
512 4284 643 4346 neutra
671 4272 768 4347 tollit
801 4284 1005 4369 peccatum.
1058 4271 1204 4368 Ignosci
1236 4283 1360 4343 tamen

321 4388 506 4483 peccatori
536 4385 662 4460 alaeso
689 4395 753 4458 eut
776 4385 918 4484 gratis,
944 4396 1009 4457 aut
1032 4409 1140 4480 poena
1171 4383 1361 4479 quantula·
