2926 4980
352 339 423 404 454
601 354 654 404 nu
676 354 816 407 sucro
835 356 1143 412 rauunaauurr.

144 547 220 597 cua.
235 546 331 600 xurv.
353 518 424 591 uisi
444 519 609 592 Romano
627 521 736 594 modo
754 523 873 595 Deum
890 523 1010 596 colere
1023 547 1098 597 non
1113 527 1406 621 permittantur.

155 628 313 742 θῶ
356 633 480 706 Quare
496 635 643 707 autem?
671 635 768 709 Quia
790 636 888 732 Papa
912 637 1141 713 Christianos
1169 664 1313 716 omnes
1340 644 1407 717 suhi

154 763 304 821 miuneham
354 751 519 825 subditos
536 776 614 826 esse
631 753 802 848 postulat.
856 753 966 829 Quod
991 767 1115 829 tamen
1133 757 1321 855 iniquum
1339 774 1405 836 eat.

153 829 330 938 idm..
353 864 449 937 Nam
467 865 498 938 si
522 865 728 938 Christiano
754 865 938 940 duriorem
964 891 1002 940 se
1027 868 1196 964 praebeat
1223 874 1405 973 princeps

155 958 330 1016 mm*
353 978 591 1069 Christianus,
603 1002 713 1074 quam
731 978 880 1067 infideli,
894 979 1017 1075 inique
1031 980 1143 1065 facit;
1158 1006 1233 1078 pro
1247 986 1403 1063 Christo

351 1091 449 1164 euim
465 1105 563 1179 sunt,
576 1092 638 1187 qui
655 1115 727 1164 non
748 1104 834 1164 sunt
851 1106 982 1165 contra
994 1092 1197 1168 Christum.

402 1205 594 1293 Praeterea,
612 1204 698 1278 hinc
711 1217 778 1294 est,
798 1205 897 1300 quod
914 1205 952 1279 in
976 1207 1075 1279 omni
1092 1207 1250 1283 civitate
1270 1211 1401 1287 Chris-

352 1320 452 1391 tiana
478 1330 698 1414 potestatem
729 1318 836 1414 Papae
854 1318 1137 1392 ecclesiasticam
1153 1320 1400 1415 admittente,

351 1432 425 1504 sint
442 1430 606 1503 homines
624 1431 772 1526 quidam
789 1456 812 1504 a
827 1430 975 1504 tributis
997 1443 1037 1504 et
1060 1431 1317 1510 tribunalibus
1332 1464 1399 1536 po-

352 1545 492 1618 testatis
511 1544 626 1617 civilis
644 1545 828 1641 exempti:
855 1556 896 1616 ut
919 1545 1155 1619 ecclesiastici
1181 1572 1333 1641 omnes,
1360 1564 1399 1627 θῖ

351 1656 531 1747 monachi,
546 1668 584 1730 et
600 1656 744 1745 fratres,
762 1680 918 1752 quorum
944 1680 1116 1730 numerus
1132 1659 1171 1730 in
1189 1662 1325 1736 multis
1343 1665 1392 1739 lo·

351 1771 403 1843 cis
420 1770 676 1843 adnumerum
699 1769 827 1865 reliqui
855 1769 982 1866 populi
1005 1769 1097 1843 adeo
1122 1795 1302 1868 magnam
1329 1778 1396 1852 ha.

350 1885 439 1957 bent
456 1885 739 1981 proportionem,
768 1895 810 1956 ut
839 1907 884 1956 ex
909 1884 980 1957 illis
1003 1885 1100 1973 solis
1117 1886 1148 1959 si
1165 1909 1261 1981 opus
1280 1904 1394 1983 esset,

351 2000 530 2073 conscribi
556 1999 737 2072 exercitus
762 2011 897 2094 posset,
926 1998 989 2094 qui
1017 1997 1180 2072 ecclesiae
1210 2002 1394 2079 militanti

349 2113 513 2186 sufficere
547 2112 685 2184 valeret
719 2124 848 2184 contra
892 2134 1145 2207 quemcunque
1175 2113 1392 2212 principem

350 2225 597 2300 Christianum
615 2225 678 2321 qui
696 2226 803 2321 Papae
820 2224 1086 2298 adversaretur.

400 2340 671 2436 scripturarum
688 2340 821 2411 abusus
841 2338 932 2410 alius
949 2348 1006 2410 θεῖ
1022 2361 1160 2426 eorum,
1178 2341 1244 2434 qui
1260 2365 1392 2418 conae·

349 2454 552 2525 orationem
569 2461 789 2524 convertunt
804 2451 842 2523 in
860 2452 1150 2545 conjurationem
1167 2452 1244 2524 sive
1258 2453 1391 2529 incan-

350 2566 536 2638 tationem.
583 2565 826 2653 Consecrare,
843 2564 881 2636 iu
901 2565 1099 2659 Scripturis
1118 2565 1252 2654 Sacris,
1272 2567 1389 2664 signi·

349 2682 435 2752 licat
452 2703 529 2751 rem
547 2701 801 2774 quamcunque
819 2677 897 2749 Deo
915 2677 1056 2760 offerre,
1071 2677 1169 2764 dare,
1187 2679 1264 2751 sive
1283 2680 1390 2755 dedi-

349 2780 444 2881 care,
463 2792 585 2880 idest,
604 2792 649 2863 ab
668 2816 735 2863 usu
753 2790 949 2875 communi,
962 2790 1031 2885 piis
1046 2803 1083 2863 et
1097 2791 1238 2863 decoris
1251 2796 1389 2886 verbiS,

348 2906 396 2978 ad
413 2906 532 2979 cultus
550 2904 663 2977 divini
680 2928 785 2975 usum
803 2927 982 2998 separare,
1000 2903 1038 2975 id
1056 2904 1155 2998 quod
1173 2918 1230 2976 est
1247 2911 1388 2982 sancti-

348 3021 470 3105 ficare,
485 3020 536 3092 ita
552 3030 595 3090 ut
611 3017 680 3090 Dei
698 3041 896 3112 eorumque
914 3017 973 3102 sit,
987 3040 1078 3111 quos
1091 3018 1190 3090 Deus
1207 3019 1277 3091 sibi
1295 3022 1389 3097 fecit

349 3133 535 3205 ministros
548 3130 728 3228 publicos;
740 3142 782 3203 ut
795 3154 904 3226 supra
920 3132 1015 3225 (cap.
1024 3131 1161 3222 xxxv)
1176 3131 1294 3206 fusius
1306 3134 1387 3209 dic-

348 3259 427 3319 tum
445 3258 510 3319 est.
561 3245 844 3318 Consecratione
862 3257 985 3316 autern
1004 3242 1078 3331 illa,
1092 3266 1166 3315 non
1185 3245 1238 3317 rei
1253 3272 1386 3322 conse-

349 3373 460 3433 cratae
478 3371 620 3447 natura,
633 3359 697 3432 sed
715 3358 812 3430 solus
827 3382 912 3429 usus
926 3368 1087 3429 mutatus
1105 3371 1172 3446 est,
1183 3382 1329 3455 nempe,
1341 3376 1386 3436 ut

349 3475 411 3570 qui
424 3474 633 3570 prophanus
651 3485 689 3545 θῖ
705 3472 907 3546 communis
924 3471 1055 3558 fuerat,
1065 3472 1142 3566 jam
1156 3484 1304 3546 sanctus
1323 3476 1384 3565 sit,

348 3600 385 3659 et
412 3586 525 3659 cultui
552 3584 674 3657 divino
699 3583 878 3679 proprius.
942 3581 1015 3654 Sed
1040 3583 1186 3677 quaudo
1212 3599 1385 3660 naturam

349 3700 633 3796 qualitatemque
651 3697 763 3792 ipsius
781 3696 833 3769 rei
851 3707 1028 3767 mutatam
1046 3719 1124 3768 esse
1148 3695 1286 3786 dicunt,
1306 3724 1383 3775 nou

348 3813 573 3887 consecratio
588 3812 742 3884 dicenda
755 3823 821 3899 est,
835 3809 900 3882 sed
914 3809 971 3881 vel
982 3832 1072 3904 opus
1086 3810 1154 3882 Dei
1166 3825 1385 3906 supernatu-

349 3927 434 4014 rale,
449 3926 504 3998 vel
518 3950 612 3998 vana
630 3937 667 3997 et
684 3924 796 4019 impia
812 3922 1025 3995 incantatio.
1054 3923 1238 3996 Quoniam
1256 3937 1382 4000 autem

347 4042 587 4113 mutationem
605 4036 812 4134 hujusmodi
830 4050 971 4108 naturae
989 4059 1122 4124 rerum,
1142 4060 1251 4131 quam
1268 4041 1382 4132 profi.

347 4167 482 4239 tantur,
502 4150 752 4248 quotidianam
770 4172 847 4221 esse
870 4148 1008 4236 dicunt,
1026 4172 1093 4243 pro
1119 4173 1229 4245 opere
1255 4149 1381 4225 divino

347 4265 614 4362 supernaturali
625 4263 751 4336 haberi
763 4286 837 4335 non
848 4274 981 4358 potest.
1009 4263 1140 4335 Restat
1151 4275 1298 4360 ergo,ut
1309 4265 1383 4339 alia
