2926 4980
493 375 546 429 nn
566 376 769 429 murman.
1080 358 1155 436 217

120 544 260 640 tnS,qui
271 567 448 616 summam
459 544 568 617 habet
578 544 933 640 potestatem,legem
943 553 1030 615 ante
1040 542 1152 615 latam
1166 569 1241 619 cae.
1251 567 1363 617 xxvn.

119 659 257 731 violare
264 659 424 755 jusserit,
435 659 583 731 violatio
595 670 789 731 excusatur
800 657 972 730 totaliter.
1000 656 1151 728 Factum
1178 650 1336 764 off

119 771 229 860 enim,
249 774 352 867 cujus
368 773 499 845 author
513 784 568 843 est
585 772 693 865 isqui
711 793 889 842 summam
903 768 1014 840 habet
1031 778 1152 863 potes·
1178 787 1323 863 ouoexcusa

120 897 249 972 tatem,
267 885 313 957 ab
334 885 411 980 ipso
435 883 670 956 condemnari
695 907 769 955 non
795 891 938 978 potest;
965 892 1001 953 et
1021 881 1151 977 legem,
1178 851 1356 960 iiiiiffdiiif

122 1009 299 1093 qnantum
313 998 447 1069 attinet
460 996 506 1068 ad
519 996 656 1069 factum
669 995 759 1068 illud
770 995 1155 1091 particulare,summae

121 1111 314 1207 potestatis
331 1110 534 1182 authoritas
552 1110 729 1203 abrogare
748 1108 965 1181 censebitur.

174 1225 213 1296 Si
227 1223 290 1319 qni
301 1247 478 1294 summam
487 1223 599 1294 habet
609 1234 827 1317 potestatem
840 1223 950 1293 homo
961 1221 1018 1293 vel
1029 1231 1156 1307 coetus,

124 1336 194 1410 civi
225 1336 455 1431 privilegium
482 1335 556 1407 sive
585 1336 791 1407 libertatem
818 1334 1049 1420 concesserit,
1076 1357 1157 1428 quae

125 1474 209 1523 cum
238 1461 416 1544 potestate
444 1472 586 1520 summa
612 1447 809 1520 consistere
839 1472 912 1519 non
944 1458 1085 1542 potest;
1117 1458 1158 1519 ut

125 1586 208 1658 qnae
226 1586 376 1633 summac
393 1561 586 1656 potestatis
601 1561 815 1632 exercitium
830 1560 1020 1656 impediam
1039 1560 1080 1647 is,
1097 1559 1159 1654 qui

124 1677 331 1748 libertatem
341 1673 451 1746 talem
462 1674 657 1761 exercebit,
665 1684 804 1769 peccat,
812 1686 849 1745 et
863 1687 990 1746 contra
1001 1674 1158 1746 officium

126 1789 216 1862 civis
238 1787 337 1860 facit.
389 1787 490 1859 Scire
521 1788 618 1858 enim
642 1786 776 1859 debent
799 1789 895 1859 cives
913 1811 1049 1875 omnes,
1072 1786 1160 1883 quid

123 1903 198 1999 jnri
226 1900 383 1973 civitatis
410 1924 612 1994 congruum
639 1899 699 1986 sit,
718 1910 755 1971 et
783 1900 871 1995 quid
902 1900 1159 1995 incongruum3
1249 1888 1251 1890 ’

130 2013 233 2109 (quia
250 2013 376 2084 civitas
396 2012 586 2106 asingnlis
604 2012 742 2083 civibus
759 2036 826 2108 pro
845 2037 908 2085 sna
926 2014 1087 2108 ipsorum
1106 2038 1161 2085 sa-

126 2128 205 2200 lute
222 2138 260 2198 et
277 2149 456 2197 consensu
469 2125 695 2220 singulorum
706 2125 874 2198 instituta
885 2127 996 2217 erat);
1015 2126 1161 2198 liberta-

128 2252 276 2334 temque
293 2239 402 2325 illam,
418 2251 595 2333 qnatenus
613 2262 763 2311 summae
780 2240 953 2335 potestati
970 2250 1161 2334 repugnat,

130 2377 339 2426 concessam
357 2376 435 2424 esse
458 2352 551 2423 scire
574 2342 639 2447 per
657 2352 898 2447 ignorantiam
917 2352 1162 2441 concedentis,

130 2467 194 2562 qui
211 2465 471 2560 consequentia
487 2464 573 2536 inde
588 2465 725 2537 civitati
740 2466 902 2561 pericula
918 2490 991 2537 non
1011 2465 1162 2537 viderat.

132 2578 320 2673 Siquidem
338 2591 459 2649 autern
477 2578 646 2650 libertate
664 2603 728 2650 sua
748 2580 803 2651 uti
826 2604 981 2675 pergens
998 2579 1164 2651 ministro

131 2693 278 2789 publico
296 2693 482 2779 restiterit,
501 2692 638 2763 crimen
657 2704 722 2764 est.

184 2805 384 2877 Criminum
397 2805 531 2899 gradus
545 2806 642 2876 varie
655 2818 912 2878 mensurantur
926 2834 934 2876 ι
953 2807 1082 2902 primo,
1100 2829 1166 2901 per

132 2917 246 2990 fontis
269 2918 343 2989 sive
371 2942 499 3005 causae‚
518 2917 615 2989 unde
639 2920 816 3007 oriuntur,
843 2919 1082 3013 pravitatem:
1110 2943 1164 2991 se-

134 3031 268 3120 cunda,
282 3055 347 3125 per
360 3030 516 3126 exempli
531 3032 761 3127 contagium:
782 3033 902 3121 tertio,
913 3057 978 3127 per
994 3033 1167 3105 damnum

133 3144 220 3217 inde
237 3157 385 3215 natum:
414 3157 556 3237 quarto,
567 3167 632 3238 per
647 3145 935 3216 circumstantias
948 3157 1166 3241 temporum,

134 3258 311 3344 locorum,
330 3267 366 3328 et
382 3279 631 3351 personarum.

187 3371 324 3443 Contra
348 3371 465 3466 legem
490 3370 628 3441 factum
654 3370 763 3454 idem,
788 3370 817 3441 si
843 3395 865 3442 a
887 3371 1170 3466 praesumptione

136 3485 276 3556 oriatur
295 3483 424 3554 virium
438 3483 494 3553 vel
514 3482 721 3553 divitiarum
734 3482 791 3553 vel
809 3484 1020 3572 amicorum,
1039 3484 1171 3580 quibus

137 3596 201 3692 qui
227 3596 316 3668 facit
347 3596 462 3667 fretus
490 3596 664 3666 ministris
695 3595 848 3690 publicis
878 3597 1024 3684 resistit,
1053 3599 1171 3692 majus

138 3710 275 3781 crimen
295 3722 360 3797 est,
379 3709 534 3803 quamsi
559 3734 580 3780 a
606 3733 669 3804 spe
696 3708 832 3780 latendi
849 3710 907 3781 vel
923 3711 1086 3805 fugiendi
1113 3734 1171 3781 or-

137 3835 217 3894 tum
235 3833 338 3894 esset.
391 3823 622 3916 Impunitatis
650 3822 746 3893 enirn
772 3823 1021 3918 praesumptio,
1040 3837 1128 3896 nata
1150 3847 1173 3895 a

138 3938 283 4023 fiducia,
301 3936 475 4031 potentiae
501 3936 603 4007 radix
628 3948 695 4022 est,
712 3936 809 4007 unde
835 3936 932 4007 omni
954 3949 1118 4030 tempore
1137 3948 1173 4008 et

140 4052 413 4147 opportunitate
435 4050 596 4122 omniurn
619 4050 739 4144 legum
758 4050 920 4121 nascitur
938 4049 1172 4143 contemptio.

142 4164 251 4238 Quod
277 4176 400 4235 antem
417 4165 459 4234 fit
476 4175 625 4258 propter
651 4188 750 4259 spem
770 4163 904 4235 latendi
925 4163 981 4234 vel
996 4161 1172 4257 fugiendi,

141 4277 292 4372 periculi
311 4277 534 4371 agnitionem
553 4278 675 4373 arguit
689 4309 698 4361 ;
718 4301 789 4372 quo
804 4277 945 4372 legibus
960 4276 1174 4349 infuturum

141 4389 305 4463 redditur
321 4389 589 4485 obsequentior.
