2926 4980
361 373 415 428 nu
431 377 624 429 crvrrnrn
644 375 911 429 cnnlsrmnn.
1088 357 1156 424 361

124 552 203 613 trus
223 542 257 634 (1
280 543 395 638 Epist.
413 544 450 617 ii.
474 544 628 638 13-15):
656 542 823 639 Subjecti
849 552 967 616 estote
984 541 1080 613 omni
1095 541 1162 613 to
1187 576 1263 625 erp,
1276 575 1360 623 xm,

125 678 240 727 monce
258 656 511 730 constitutioni
521 667 687 755 propter
704 659 835 746 Deum,
852 656 931 728 siue
947 654 1035 752 regi
1051 654 1162 752 quusi
1197 658 1345 773 Μ

119 767 371 864 precellenti,
390 771 467 842 sice
485 771 651 860 ducibus,
664 781 840 869 tunquam
856 769 905 842 ob
919 769 1096 843 comissis
1109 769 1164 843 od
1196 742 1348 838 ιωιῖῗῑωιῑω.

126 880 329 954 uindictam
360 884 653 981 malefactorum,
679 884 825 957 laudem
850 908 937 956 uero
960 881 1161 965 bonorum

126 995 216 1091 quio
227 995 283 1066 sic
296 1006 353 1068 oet
366 995 536 1070 uolontas
552 998 634 1070 Dei.
669 999 717 1070 Et
729 997 766 1069 S.
782 996 914 1070 Paulus
929 995 1016 1088 (Tit.
1028 995 1079 1068 iii.
1099 997 1134 1087 l)
1152 1023 1160 1066 :

127 1109 294 1181 Admone
312 1109 399 1180 illos
406 1111 649 1208 principibus
667 1121 704 1183 et
714 1108 967 1209 potestatibus
993 1106 1161 1180 subditos

127 1247 220 1311 csse,
238 1232 275 1295 et
298 1223 399 1295 dicto
417 1223 581 1297 obedire.
634 1225 819 1319 Principes
844 1235 968 1295 eutem
986 1230 1023 1292 et
1039 1233 1163 1317 potes-

127 1344 234 1423 tates,
262 1339 308 1411 de
337 1337 468 1432 quibus
492 1339 620 1410 Petrus
644 1351 682 1411 et
707 1337 840 1410 Paulus
861 1336 920 1409 hic
948 1335 1161 1430 loquuntur,

128 1474 254 1522 omnes
275 1463 379 1523 erant
405 1452 553 1524 ethnici.
608 1453 757 1526 Quanto
784 1474 872 1546 ergo
902 1449 1018 1544 magis
1040 1448 1163 1520 Chris-

126 1562 217 1634 tiani
243 1562 467 1659 principibus
494 1566 568 1637 suis
593 1564 809 1638 Christianis
835 1561 983 1635 obedire
1008 1559 1162 1633 debent!

129 1675 213 1748 Quo
240 1677 322 1771 jure
349 1677 516 1752 ministro
539 1679 686 1767 Christi,
715 1677 861 1773 siquid
889 1675 1009 1748 facere
1034 1687 1164 1748 contra

128 1788 300 1860 mandata
312 1790 407 1884 regis
424 1790 560 1863 aliusve
578 1816 729 1864 summae
742 1789 935 1887 potestatis
947 1790 1095 1886 juberet
1105 1787 1164 1860 vel

129 1901 289 1990 doceret,
308 1903 359 1974 illi
376 1904 524 1976 obedire
542 1903 771 1999 obligamur?
815 1903 1050 1998 Perspicuum
1076 1924 1163 1997 ergo

128 2025 183 2088 est
218 2015 403 2088 Christum
434 2018 608 2089 ministris
639 2018 713 2090 suis
744 2018 781 2089 in
812 2018 882 2089 hoc
917 2016 1065 2104 mundo,
1093 2013 1164 2087 nisi

130 2128 240 2200 etiam
264 2129 490 2202 authoritate
517 2130 613 2203 civili
639 2131 787 2227 praediti
817 2132 904 2218 sint,
931 2130 991 2225 jus
1025 2128 1164 2200 civibus

129 2241 332 2336 imperandi
350 2243 490 2314 nullum
508 2244 741 2316 concessisse.

180 2354 279 2428 Quid
297 2367 431 2446 autem,
458 2356 598 2452 inquiet
614 2355 755 2451 aliquis
782 2355 812 2427 si
837 2378 913 2442 rex,
931 2353 988 2425 vel
1005 2362 1165 2440 senatus,

130 2478 193 2540 aut
219 2467 426 2564 quicunque
453 2493 630 2541 summam
648 2472 686 2540 in
706 2468 854 2540 civitate
871 2466 982 2539 habet
1007 2477 1167 2560 potesta·

130 2593 217 2670 tem,
232 2581 380 2654 credere
398 2582 436 2654 in
448 2583 633 2655 Christum
646 2581 881 2678 prohiberet?
933 2577 1164 2674 Respondeo,

130 2694 415 2790 prohibitionem
428 2695 539 2767 talem
550 2696 776 2767 frustaneam
789 2694 873 2767 ideo
885 2716 973 2780 esse,
989 2692 1075 2788 quia
1086 2715 1167 2764 cre-

134 2808 223 2879 dere
242 2818 280 2878 et
297 2832 367 2879 ooo
381 2807 537 2880 credere
548 2833 622 2880 non
635 2819 838 2905 sequuntur
855 2807 1034 2902 imperata
1051 2805 1167 2877 homi-

132 2945 232 3010 num,
246 2921 307 3016 qui
318 2945 365 2992 an
384 2921 575 2995 credamus
593 2947 708 2995 necne
722 2922 814 2994 scire
832 2945 906 2994 non
920 2929 1086 3015 possunt,
1099 2942 1167 2990 nec

134 3035 164 3107 si
179 3035 327 3123 scirent,
345 3047 499 3109 mutare.
526 3036 632 3109 Fides
646 3048 701 3109 est
712 3036 848 3108 donum
863 3033 943 3120 Dei,
957 3056 1065 3128 quam
1082 3055 1167 3127 pro-

133 3149 251 3220 missis
267 3148 427 3244 praemiis
452 3160 516 3222 aut
540 3175 731 3246 poenarum
750 3147 1032 3221 comminatione
1049 3169 1169 3240 neque

134 3261 221 3333 dare
238 3285 356 3357 neque
375 3261 502 3334 tollere
526 3275 646 3358 potest
671 3265 793 3335 homo.
846 3260 885 3333 Si
901 3281 1011 3355 porro
1031 3282 1170 3354 quaera-

134 3387 206 3463 tur,
235 3375 334 3470 quid,
353 3375 382 3446 si
397 3375 590 3469 jubeamur
613 3401 635 3449 a
660 3376 825 3472 principe
851 3383 978 3446 nostro
1004 3370 1169 3465 legitimo

134 3488 268 3575 dicere,
300 3488 398 3582 quod
429 3512 502 3560 non
534 3489 731 3578 credimus,
761 3485 1054 3560 obediendumne
1089 3482 1169 3556 est?

135 3599 366 3695 Respondeo,
380 3624 507 3671 vocem
527 3601 685 3673 hominis
702 3612 988 3672 rem-externam
1003 3621 1092 3684 esse,
1106 3619 1170 3668 ne-

136 3737 205 3809 que
217 3712 422 3807 significare
436 3713 682 3785 obedientiam
693 3712 912 3809 proferentis
925 3733 1042 3807 posse,
1054 3709 1170 3804 magis

135 3850 244 3920 quam
263 3825 356 3896 alius
375 3827 582 3922 quicunque
599 3838 725 3922 gestus
745 3848 941 3920 corporeus
957 3855 966 3907 ;
992 3833 1029 3895 et
1048 3823 1172 3895 Chris-

136 3939 277 4010 tianum
305 3938 490 4010 homiuem
518 3940 556 4010 in
587 3940 696 4011 rebus
714 3937 933 4033 hujusmodi,
951 3936 982 4008 si
1000 3936 1110 4008 corde
1132 3936 1170 4007 in

138 4050 324 4123 Christum
344 4051 481 4138 credat,
505 4051 656 4123 eandem
674 4052 809 4124 habere
826 4051 1045 4136 libertatem,
1062 4072 1172 4143 quam

137 4165 317 4235 concessit
341 4163 532 4234 Naamano
559 4164 652 4260 Syro
676 4163 856 4259 propheta
881 4161 1014 4234 Elisha.
1078 4161 1172 4233 Con·

137 4300 261 4348 versus
287 4288 365 4348 erat
392 4276 470 4348 Deo
499 4276 641 4349 Israelis
668 4277 704 4348 in
724 4274 834 4363 corde
853 4299 917 4347 suo
936 4274 1170 4356 Naamonus;
