2926 4980
343 346 411 411 198
712 364 765 414 nn
786 365 993 417 o1v1rnr1r.

137 551 315 604 carnum.
339 527 403 600 sed
421 552 443 600 a
461 528 648 602 voluntate
666 532 744 627 ejus
755 532 817 627 qui
829 555 1007 605 summam
1018 533 1130 606 habet
1141 541 1376 629 potestatem,

155 634 297 754 Μ
338 663 405 737 per
419 641 600 714 silentium
619 644 696 737 ejus
720 642 947 739 significata;
973 645 1172 718 voluntatis
1190 645 1288 716 enim
1305 645 1377 740 sig-

156 761 261 806 erssibu-
339 778 428 825 num
446 754 642 849 aliquando
660 756 770 828 etiam
783 768 837 829 est
848 757 1043 831 silentium.
1095 758 1225 853 Neque
1240 753 1377 830 diutius

338 867 411 939 vim
429 867 520 963 legis
551 869 777 941 consuetudo
799 869 921 958 habet,
941 895 1050 966 quam
1080 871 1263 944 silentium
1287 871 1378 943 illnd

339 979 457 1052 durat.
510 982 639 1076 ltaque
657 982 687 1053 si
698 983 852 1077 quaestio
862 984 954 1080 juris
974 985 1071 1057 inter
1087 985 1204 1057 civem
1223 994 1262 1058 et
1279 1008 1377 1057 sum-

338 1118 434 1165 mam
453 1104 672 1189 potestatem
694 1096 844 1184 oriatur,
861 1096 1054 1193 longitudo
1083 1098 1258 1193 temporis
1279 1121 1376 1170 sum-

337 1229 407 1278 mae
435 1207 610 1301 potestati
636 1232 704 1303 pro
733 1207 948 1304 praejudicio
969 1232 1043 1282 non
1068 1209 1285 1294 habebitur3
1312 1209 1376 1282 sed

339 1319 493 1413 quaestio
511 1321 711 1393 secundum
745 1321 956 1416 aequitatem
990 1322 1259 1395 terminabitur.
1303 1323 1375 1395 Ao-

337 1433 456 1504 tiones
475 1434 572 1504 enim
584 1445 622 1505 et
632 1434 825 1507 sententiae
835 1434 963 1507 multae
976 1434 1054 1507 sine
1065 1434 1375 1507 animadversione

337 1558 374 1618 et
386 1547 614 1619 correctione
632 1548 868 1643 negliguntur
884 1548 1042 1643 longiori
1071 1560 1247 1643 tempore,
1265 1571 1375 1643 quam

334 1670 377 1729 ut
393 1659 560 1730 homines
573 1660 826 1744 meminerint3
853 1684 972 1757 neque
983 1661 1134 1733 rationis
1149 1671 1215 1748 est,
1233 1669 1277 1731 ut
1288 1684 1375 1732 con-

336 1771 546 1845 suetudines
560 1772 664 1845 malae
673 1797 836 1870 unquam
850 1774 999 1846 omnino
1014 1773 1052 1846 in
1062 1773 1162 1869 leges
1174 1769 1374 1846 transeant.

334 1886 507 1958 ludioare
525 1899 647 1959 autem
667 1888 754 1983 quid
773 1888 925 1960 rationis
943 1887 1001 1976 sit,
1020 1886 1107 1983 quid
1137 1910 1212 1959 non
1238 1887 1298 1974 sit,
1328 1885 1375 1959 ad

336 2023 419 2071 eum
436 1999 597 2095 pertinet
615 1999 678 2095 qui
695 2024 872 2072 summam
891 2001 1001 2073 habet
1017 2010 1248 2096 potestatem.

387 2111 542 2201 Quarto,
561 2111 660 2208 leges
683 2123 826 2185 naturae
856 2123 894 2184 et
917 2112 1017 2208 leges
1041 2112 1165 2186 civiles
1191 2113 1230 2185 in
1248 2112 1375 2185 eadem

337 2224 489 2297 civitate
507 2249 546 2297 se
563 2237 691 2297 mutuo
715 2225 917 2297 continent.
968 2225 1045 2298 Lex
1074 2224 1172 2296 enim
1199 2225 1375 2298 naturalis

336 2339 454 2409 omnis
471 2339 586 2410 virtus
603 2338 749 2410 moralis
767 2348 832 2423 est,
849 2350 892 2409 ut
905 2337 1069 2433 aeqnitaS,
1088 2336 1242 2432 justitia,
1260 2337 1373 2432 grati-

334 2451 448 2534 tudo;
476 2475 559 2547 quae
588 2455 646 2542 (ut
664 2450 801 2523 dietum
833 2461 888 2523 est
915 2450 951 2522 in
979 2452 1051 2523 fine
1078 2474 1157 2545 cap.
1172 2452 1245 2540 xv)
1274 2449 1373 2544 leges

334 2565 481 2659 proprie
500 2564 610 2636 dictae
627 2588 702 2636 non
720 2574 817 2650 sunt,
836 2562 900 2634 sed
917 2562 1122 2657 qualitates
1174 2562 1268 2634 Tum
1285 2587 1372 2635 vero

333 2677 433 2774 leges
461 2688 558 2764 sunt,
594 2677 803 2773 eaedemque
831 2676 965 2763 civiles,
993 2674 1139 2771 quando
1171 2700 1193 2747 a
1224 2676 1372 2748 civitate

334 2790 517 2863 observari
529 2791 765 2884 imperantur.
818 2789 934 2884 Leges
953 2811 1041 2882 ergo
1056 2787 1242 2860 naturales
1261 2789 1371 2860 etiam

334 2904 457 2975 civiles
480 2915 577 2974 sunt.
632 2903 741 2977 Quod
766 2915 889 2976 autem
908 2902 1026 2974 omnis
1044 2901 1102 2974 lex
1128 2902 1244 2975 civilis
1263 2904 1372 2975 etiam

333 3016 391 3087 lex
410 3030 551 3087 naturae
569 3017 628 3104 sit,
646 3040 691 3087 ex
707 3041 749 3088 eo
762 3026 875 3110 patet,
893 3016 991 3111 quod
1004 3026 1153 3111 pactum
1166 3016 1316 3104 violare,
1335 3030 1373 3089 et

333 3153 399 3225 per
433 3153 659 3224 consequens
693 3129 811 3224 legem
846 3129 990 3202 civilem
1028 3129 1247 3225 transgredi,
1282 3130 1372 3226 legis

332 3258 475 3315 naturae
489 3244 731 3338 transgressio
743 3255 809 3315 est.
862 3245 991 3339 ltaque
1005 3254 1046 3314 ut
1060 3242 1202 3336 legibus
1216 3243 1372 3316 civitatis

333 3356 557 3445 obediamus,
577 3356 634 3428 lex
652 3357 830 3430 naturalis
842 3368 917 3440 est;
944 3380 1063 3452 neque
1077 3356 1221 3428 diversa
1237 3380 1373 3452 genera

332 3468 455 3564 legum
471 3482 556 3541 sunt
571 3469 629 3541 lex
647 3481 789 3543 natnrae
803 3484 840 3543 et
851 3470 978 3559 civilis,
993 3469 1058 3542 sed
1069 3469 1221 3542 diversae
1231 3482 1371 3566 partes;

333 3607 486 3678 quarum
505 3607 579 3654 una
596 3584 733 3678 scripto
750 3596 816 3672 est,
836 3608 944 3679 quam
974 3583 1129 3670 civilem,
1155 3583 1272 3655 altera
1297 3607 1370 3656 non

332 3698 479 3792 scripta,
515 3720 623 3791 qnam
658 3699 860 3770 naturalem
894 3709 1039 3770 vocant.
1101 3697 1217 3792 Leges
1248 3697 1372 3793 itaque

331 3810 518 3881 naturales
535 3809 655 3904 alege
674 3811 770 3882 civili
787 3835 862 3883 non
877 3820 1076 3895 mutantur,
1087 3833 1207 3905 neque
1222 3810 1371 3882 restrin-

331 3935 489 4018 guntur;
517 3923 580 3994 sed
606 3924 674 4016 jus
702 3923 878 3995 naturale
907 3933 1061 3995 tantum.
1128 3923 1218 4010 lmo,
1251 3922 1371 4018 legum

331 4037 491 4107 civilium
509 4035 742 4107 ferendarum
760 4038 843 4108 finis
858 4047 938 4108 erat
956 4036 1140 4108 restrictio
1154 4036 1247 4131 juris
1264 4046 1371 4107 natu-

331 4149 428 4233 ralis,
451 4149 525 4219 sive
545 4148 638 4244 juris
659 4148 821 4220 omnium
847 4149 883 4220 in
906 4148 1039 4236 omnia,
1071 4171 1144 4243 quo
1162 4159 1282 4220 stante
1298 4171 1369 4241 pax

329 4262 429 4333 nulla
446 4285 523 4333 esse
541 4262 674 4356 potuit.
