2926 4980
359 384 574 436 uernunrx
594 382 649 433 nn
670 379 927 434 nnvrarnnu.
1093 365 1165 431 559

123 553 297 643 ecclesiae,
312 565 350 626 et
364 553 466 626 tertii
483 551 661 649 praecepti
674 548 851 644 Decologi
867 547 1110 642 transgressio
1127 547 1166 618 in
1218 581 1294 630 erp,
1310 580 1347 629 ῃ,

123 668 250 764 primis
275 667 406 740 audax.
458 668 717 740 Juramentum
736 662 924 760 quodlibet
941 684 1017 733 non
1041 683 1161 734 neces·
1205 667 1344 780 HJ*

126 783 275 870 sarium,
293 790 487 877 peccatum
510 791 658 853 estnon
683 801 849 874 parvum,
876 785 998 848 ortum
1027 774 1167 848 habens

125 895 171 967 ab
190 918 245 983 ec,
263 894 362 990 quod
379 894 522 967 soleant
538 893 705 966 homines
722 890 881 964 mentiri.
947 890 1076 984 Itaque
1104 890 1168 986 qui

125 1033 253 1082 verum
270 1008 416 1096 dixerit,
436 1007 607 1103 videtque
625 1006 694 1079 sibi
720 1004 902 1078 creditum
917 1027 995 1075 nou
1013 1025 1103 1091 esse,
1121 1026 1167 1074 ne

125 1146 200 1194 non
219 1122 314 1195 serio
332 1121 466 1194 dixisse
475 1121 656 1208 rideatur,
670 1121 773 1215 jurat
782 1141 849 1214 per
863 1140 985 1214 quem,
999 1116 1030 1189 si
1044 1119 1168 1212 jurare

127 1235 278 1309 omnino
294 1258 442 1307 necesse
456 1244 562 1324 esset,
577 1236 703 1330 jurare
721 1232 842 1320 debet,
854 1231 985 1303 Deum.
1024 1231 1168 1302 Horum

127 1349 384 1445 impunitatem
414 1371 498 1421 cum
525 1348 676 1420 videant
701 1346 851 1441 ingenia
876 1345 1045 1441 quaedam
1055 1343 1169 1415 luru-

127 1461 273 1550 riantia,
293 1461 412 1534 Deum
429 1461 468 1534 in
485 1462 651 1535 membra
668 1460 872 1532 dividentes
897 1481 1000 1531 more
1018 1455 1170 1529 anthro-

127 1575 456 1672 pomorphitarum,
474 1598 541 1671 per
558 1573 703 1669 singula
716 1576 840 1669 jurare
859 1580 1060 1668 coeperunt,
1078 1591 1170 1640 non-

127 1687 267 1760 nullam
295 1711 340 1760 ex
367 1687 533 1761 novitate
559 1688 855 1783 juramentorum
884 1684 1031 1757 laudem
1058 1705 1172 1756 aucu-

127 1811 281 1897 pantes3
316 1810 427 1895 atque
455 1800 542 1874 inde
572 1799 685 1872 verba
714 1798 788 1886 illa,
813 1822 889 1895 per
920 1821 1070 1895 corpus,
1093 1819 1170 1894 per

127 1938 282 2011 ungues,
289 1937 366 2011 per
384 1913 557 2011 capillos,
575 1913 788 2009 blasphema
805 1910 912 1983 simul
930 1922 969 1983 et
984 1909 1169 1983 haeretica.

129 2025 326 2103 Quomodo
340 2025 528 2121 punienda
544 2025 629 2113 sint,
654 2024 789 2098 viderit
806 2023 970 2096 ccclesia.

519 2339 684 2413 CAPUT
711 2340 779 2412 III.

171 2501 217 2549 DE
235 2500 442 2556 QUIBUSDAM
459 2501 731 2552 onsecrlonlssus
750 2501 892 2552 CONTRA
911 2502 1129 2552 LEVIATHAN.

130 2609 179 2686 Α.
208 2608 384 2680 Pnonnr
420 2633 517 2681 anno
552 2609 701 2682 Domini
733 2631 877 2682 nucu.
907 2609 1001 2682 liber
1026 2610 1174 2706 quidem

130 2721 286 2817 Anglico
300 2744 467 2794 sermone
480 2723 648 2819 scriptus
662 2722 722 2794 cui
736 2722 865 2795 titulus
883 2736 939 2795 est
952 2722 1173 2814 Leviatlrun,

132 2837 235 2932 cujus
252 2845 412 2932 quatuor
428 2845 514 2909 sunt
530 2847 676 2932 partes3
703 2835 833 2932 prima,
849 2836 894 2908 de
907 2846 1047 2909 natura
1061 2837 1174 2909 homi-

131 2949 202 3038 m's,
225 2961 263 3022 et
289 2948 438 3048 legibus
463 2949 735 3032 cotarellum
762 2949 935 3039 secunda,
962 2951 1008 3023 de
1033 2960 1174 3023 nutura

132 3061 312 3151 civitatis,
330 3073 369 3134 et
377 3064 470 3158 jure
480 3062 691 3162 potcstatis
707 3087 881 3146 eummoe;
908 3063 1031 3152 tertia,
1050 3064 1096 3136 de
1114 3087 1174 3136 re-

125 3173 286 3271 publica
306 3173 531 3247 Christiana
544 3202 558 3260 ,·
578 3185 721 3272 quarta,
736 3174 781 3247 de
795 3197 914 3273 regno
927 3174 1173 3251 tenebrarum.

133 3289 265 3360 Insunt
281 3286 320 3360 in
339 3286 492 3383 singulis
508 3288 674 3384 partibus
691 3287 879 3383 paradoxa
899 3288 1079 3384 quaedam,
1094 3301 1175 3362 tum

131 3399 387 3497 philosophica
398 3409 477 3472 tum
488 3400 711 3497 theologica3
727 3401 832 3474 etita
844 3402 961 3475 multa
973 3412 1103 3477 contra
1111 3428 1176 3500 po-

134 3523 306 3588 testatem
325 3513 575 3586 Romanorum
590 3514 809 3587 Pontificum
822 3514 860 3587 in
874 3515 964 3588 alios
978 3517 1175 3615 principes,

133 3638 176 3699 ut
185 3625 293 3700 facile
304 3638 481 3722 appareat
490 3627 683 3700 authorem
694 3628 920 3702 existimasse
931 3653 1080 3704 causam
1088 3630 1176 3703 belli

135 3739 262 3828 civiliS,
277 3738 376 3834 quod
397 3762 441 3812 eo
464 3749 630 3836 tempore
653 3764 721 3836 per
741 3740 926 3837 Angliam,
941 3743 1115 3833 Scotiam,
1139 3755 1177 3817 et

136 3851 353 3925 Hiberniam
366 3852 575 3948 gerebatur,
586 3853 695 3926 aliam
707 3877 782 3926 non
794 3854 906 3927 fuisse
919 3879 1028 3950 qnam
1040 3856 1178 3931 dissen-

136 3965 289 4053 sionem,
306 3965 426 4060 primo
444 3965 542 4037 inter
559 3967 749 4040 ecclesiam
767 3966 972 4042 Romanam
995 3981 1034 4042 et
1050 3972 1177 4068 Angli·

136 4101 279 4163 canam,
297 4077 431 4151 deinde
447 4078 486 4150 in
504 4079 658 4153 ecclesia
676 4080 882 4177 Anglicana
898 4081 995 4154 inter
1011 4096 1177 4179 pastores

136 4189 371 4286 Episcopales
383 4201 420 4262 et
431 4190 739 4285 PresbyterianoS,
752 4192 850 4265 circa
863 4194 1083 4288 quaestiones
1099 4198 1178 4270 the-

138 4303 309 4399 ologicas.
340 4302 482 4376 Bellum
502 4298 593 4377 illud
610 4306 715 4381 civile
732 4306 870 4402 incepit
887 4306 925 4379 in
938 4307 1064 4382 Scotia
1079 4335 1177 4384 anno
