2926 4980
158 552 236 602 CAP.
248 552 308 601 XV.

349 337 417 401 116
735 352 788 403 nu
809 351 992 403 nouruu.

393 516 544 591 Justitia
557 517 741 589 actionum
755 517 962 590 dividitura
975 516 1212 613 scriptoribus
1226 516 1263 589 in
1282 540 1382 589 com-

162 633 305 669 *β
345 630 561 703 mutativam
573 644 610 702 et
621 630 905 715 distributivam
921 655 1073 726 quarum
1084 631 1244 727 priorem
1255 629 1384 702 dicunt

166 697 200 740 De
208 696 295 753 legibus

164 768 250 806 naturae
259 761 313 806 eliis.

346 747 385 819 in
408 745 643 841 proportione
669 744 910 833 arithmetica,
927 745 1167 840 posteriorem
1183 745 1221 816 in
1238 766 1385 840 geome-

347 860 442 933 trica
451 858 666 942 consistere;
680 859 735 931 ita
743 868 785 931 ut
795 859 1093 932 commutativam
1104 859 1142 931 in
1153 882 1276 930 rerum
1287 880 1386 929 com·

347 971 605 1045 mutandarum
627 972 834 1066 aequalitate
862 972 984 1069 quoad
1012 973 1184 1068 pretium,
1212 970 1386 1044 distribu-

348 1085 461 1159 tivam
475 1085 514 1155 in
530 1083 790 1156 beneficiorum
808 1084 997 1180 aequaliter
1013 1085 1236 1157 merentibus
1253 1081 1387 1178 aequali

349 1196 604 1270 distributione
619 1196 817 1269 consistere
828 1197 968 1280 dicant;
987 1196 1092 1292 quasi
1103 1195 1217 1292 pluris
1227 1194 1386 1267 vendere

350 1335 458 1407 quam
472 1310 625 1382 emimus
639 1310 816 1405 injustum
830 1320 937 1382 esset.
978 1309 1140 1381 Pretium
1153 1310 1315 1382 omnium
1329 1331 1388 1380 re-

349 1448 431 1496 rum
442 1423 735 1496 contrahentium
749 1423 913 1519 appetitu
924 1423 1142 1505 aestimatur;
1156 1423 1388 1518 pretiumque

347 1538 487 1633 justum
515 1548 571 1610 est
598 1539 636 1608 in
660 1537 758 1632 quod
775 1537 882 1609 ambo
900 1548 1042 1632 emptor
1059 1548 1097 1608 et
1114 1535 1284 1608 venditor
1301 1558 1389 1607 con·

350 1650 523 1724 sentiunt.
589 1649 765 1723 Meritum
792 1660 927 1738 antem,
949 1659 1194 1745 praeterquam
1225 1648 1323 1744 quod
1349 1647 1389 1720 in

351 1762 600 1836 contractibus
633 1763 697 1859 qui
725 1763 827 1860 prior
856 1774 1018 1859 praestat,
1047 1772 1090 1835 ut
1118 1761 1212 1835 alter
1242 1783 1389 1858 quoque

351 1888 503 1972 praestet
528 1886 624 1971 post,
642 1876 775 1949 mereri
800 1875 873 1948 dici
898 1874 1025 1972 possit,
1041 1899 1117 1947 nou
1141 1898 1186 1947 ex
1202 1875 1297 1970 jure,
1325 1873 1391 1947 sed

352 2014 397 2062 ex
414 1988 533 2085 gratia
550 1999 616 2061 est.
667 1988 865 2061 Distinctio
889 2011 977 2082 ergo
995 1986 1066 2076 illa,
1085 1986 1238 2083 illo'quo
1256 1987 1389 2083 exponi

352 2103 445 2176 solet
468 2125 586 2192 sensu,
609 2103 707 2175 bona
733 2113 898 2175 nonest.
949 2101 1099 2174 iustitia
1128 2101 1391 2174 commutativa

351 2217 499 2313 proprie
517 2228 574 2289 est
595 2216 740 2312 justitia
765 2214 1072 2302 contrahentium,
1090 2213 1214 2302 idest,
1243 2238 1391 2288 conser-

353 2330 453 2403 vatio
463 2341 656 2425 pactorum
667 2328 712 2402 de
723 2328 932 2402 venditione
946 2341 983 2401 et
997 2327 1190 2424 emptione,
1204 2328 1249 2401 de
1262 2338 1390 2401 mutuo

355 2443 502 2515 datione
516 2453 554 2514 et
563 2441 789 2538 acceptioue,
805 2441 850 2514 de
862 2441 1115 2530 conductione,
1130 2441 1175 2513 de
1189 2453 1391 2515 commuta-

354 2555 515 2629 tionibus
532 2554 684 2651 aliisque
702 2555 843 2627 actibus
861 2554 1167 2628 contrahentium.

403 2669 426 2740 J
428 2667 554 2740 ustitia
571 2681 694 2740 autem
712 2667 944 2740 distributiva
958 2678 1013 2740 est
1022 2667 1165 2763 justitia
1177 2667 1316 2756 arbitri,
1329 2667 1392 2763 qui

357 2781 442 2878 quia
451 2781 543 2853 fides
554 2781 587 2853 ei
601 2781 807 2870 adhibetur,
819 2782 850 2853 si
859 2780 971 2854 fidem
981 2792 1113 2871 servat,
1132 2781 1278 2876 utrique
1294 2781 1393 2878 parti

357 2893 456 2990 quod
478 2918 585 2967 suum
611 2907 668 2968 est
699 2894 907 2979 distribuit3
934 2908 972 2967 et
999 2894 1071 2967 alia
1098 2920 1173 2969 non
1201 2906 1256 2968 est
1282 2919 1393 2990 quam

356 3007 521 3103 aequitas.

408 3121 460 3194 Ut
477 3121 523 3193 ab
547 3120 786 3194 antecedente
805 3134 915 3217 pacto
939 3122 1093 3219 justitia,
1111 3123 1164 3195 ita
1185 3124 1230 3196 ab
1248 3131 1393 3195 antece-

358 3233 468 3307 dente
481 3233 600 3330 gratia
610 3234 792 3330 dependet
802 3235 1001 3331 gratitudo,
1016 3260 1097 3331 quae
1110 3248 1166 3310 est
1176 3236 1234 3309 lex
1244 3248 1394 3308 natura-

357 3347 402 3420 lis
415 3360 559 3443 quarta,
573 3359 609 3421 et
628 3349 886 3445 comprehendi
902 3360 1024 3446 potest
1040 3350 1111 3423 bac
1127 3351 1303 3423 formula:
1330 3350 1396 3448 qai

359 3459 570 3555 beneficium
597 3463 728 3561 gratis
755 3462 882 3536 datum
899 3465 1053 3562 occiput,
1072 3465 1203 3536 conari
1224 3463 1397 3537 debetne

359 3573 467 3647 danti
474 3576 585 3669 juata
599 3600 714 3648 cauca
727 3576 779 3648 ait
794 3576 960 3672 beneficii
971 3577 1284 3674 datipoeaitendi.
1322 3577 1397 3648 Ne-

357 3711 417 3760 mo
429 3688 526 3761 enim
537 3688 601 3760 dat
615 3688 685 3760 nisi
695 3689 893 3785 respiciens
903 3689 951 3762 ad
960 3691 1098 3762 bonum
1111 3690 1191 3780 sibi,
1202 3707 1398 3787 propterea

358 3800 456 3896 quod
471 3801 587 3873 omnis
605 3802 760 3874 actionis
773 3801 988 3876 voluntariae
1005 3803 1089 3876 finis
1105 3804 1242 3876 bonum
1259 3803 1398 3877 volenti

359 3926 414 3986 est
429 3945 438 3998 ;
466 3915 565 4009 quod
585 3916 722 3988 bonum
740 3916 771 3988 si
788 3917 925 3989 frustra
951 3916 1220 4011 expectandum
1238 3939 1316 3989 esse
1330 3916 1397 3988 ho-

358 4026 473 4097 mines
504 4027 663 4117 scierint,
692 4027 832 4099 nullum
859 4028 929 4100 erit
959 4028 1212 4101 benefaciendi
1238 4028 1395 4117 initium,

358 4163 476 4233 neque
487 4140 719 4214 confidentiae
728 4154 1001 4239 mutuae,neque
1011 4141 1129 4214 muttii
1138 4140 1398 4236 auxilii,neque

358 4253 663 4327 reconciliationis
680 4256 777 4329 inter
794 4255 972 4330 inimicos.
1024 4255 1230 4329 Manebunt
1253 4278 1341 4351 ergo
1359 4255 1398 4327 in
