2926 4980
316 355 389 423 206
691 375 966 429 onc1v1rarn.

105 558 293 615 carmi.
371 547 402 610 l.
429 538 585 628 Edicta,
597 541 886 632 constitutiones,
894 556 931 615 et
945 541 1116 641 epistola
1120 542 1352 640 principum,

133 641 275 759 baffi
316 648 355 723 id
372 661 429 723 est
453 652 714 748 imperatorum
733 655 991 744 Romanorum,
1010 655 1071 750 qui
1089 679 1270 728 summam
1287 656 1353 729 ha-

133 766 240 812 ΜΨ*
315 763 428 837 buere
446 764 484 836 in
502 765 648 840 civitate
672 768 837 840 Romana
852 779 1082 864 potestatem.
1136 768 1278 841 Similia
1294 768 1352 841 his

316 889 402 949 sunt
419 878 540 952 edicta
553 880 629 954 sive
642 880 946 976 proclamationes
960 905 1087 978 regum
1101 894 1325 955 nostrorum.

367 1000 401 1064 2.
428 993 597 1066 Decreta
623 994 757 1091 populi
784 994 952 1083 Romani,
970 1018 1050 1090 quae
1074 994 1173 1092 leges
1190 997 1351 1092 primum

317 1117 423 1177 erant
438 1106 575 1180 virtute
592 1106 785 1180 residentis
810 1107 848 1179 in
869 1107 1004 1203 populo
1022 1130 1172 1180 summae
1188 1119 1352 1203 potesta-

316 1217 388 1300 tis;
415 1242 568 1314 quarum
587 1244 670 1317 quae
697 1220 743 1292 ab
771 1219 1050 1315 imperatoribus
1070 1220 1258 1315 abrogatae
1276 1244 1350 1292 non

315 1330 476 1422 fuerunt,
493 1334 593 1430 leges
610 1351 760 1431 propter
777 1333 1036 1406 authoritatem
1050 1333 1273 1428 imperialem
1292 1357 1349 1406 re-

315 1459 540 1520 manserunt.
609 1449 678 1520 Hae
708 1456 830 1519 autern
860 1470 943 1518 cum
976 1445 1080 1518 Actis
1115 1445 1350 1519 Parliamenti

315 1561 519 1655 comparari
539 1571 702 1658 possunt.

366 1683 400 1746 3.
426 1673 596 1747 Decreta
606 1674 735 1773 plebis
753 1674 935 1763 Romana,
949 1685 1079 1746 senatu
1088 1670 1257 1754 excluso;
1284 1671 1350 1745 ho-

316 1808 397 1857 rum
411 1809 555 1881 quoque
569 1786 631 1858 illa
644 1810 725 1882 quae
735 1786 781 1858 ab
793 1785 1072 1882 imperatoribus
1083 1785 1262 1880 abrogata
1274 1808 1348 1857 non

314 1908 412 1988 sunt,
430 1900 552 1996 legum
568 1899 642 1972 vim
658 1900 852 1973 retinuere.

364 2021 400 2084 4.
428 2013 588 2085 Senatus
607 2012 786 2085 consalta.
823 2013 918 2084 Nam
933 2035 1016 2084 oum
1029 2009 1257 2083 numerosior
1270 2011 1349 2105 jam

314 2125 433 2199 factus
460 2139 555 2199 esset
577 2127 731 2223 populus
760 2127 945 2199 Romanus
962 2148 1071 2220 quam
1097 2134 1139 2196 ut
1156 2124 1349 2197 commode

314 2239 530 2336 congregari
557 2239 728 2335 potuerit,
756 2239 873 2311 visum
903 2236 1114 2333 imperatori
1142 2248 1197 2308 est
1221 2247 1264 2308 ut
1278 2261 1347 2332 pro

313 2354 448 2449 populo
477 2353 727 2426 consuleretur
756 2364 913 2425 senatus
968 2352 1084 2446 leges
1113 2373 1201 2444 ergo
1229 2363 1346 2439 erant,

314 2466 439 2561 quales
456 2466 533 2539 fere
548 2477 635 2538 sunt
652 2476 734 2539 aeta
752 2464 894 2537 consilii
912 2463 1008 2558 regis
1023 2462 1169 2558 privati.

364 2590 398 2654 5.
425 2581 569 2654 Edicta
581 2589 808 2679 pratorum:
827 2579 889 2675 qui
902 2578 1028 2650 Romae
1042 2587 1147 2647 erant
1157 2573 1255 2647 idem
1268 2575 1346 2648 fere

312 2693 413 2791 quod
426 2694 569 2790 judices
586 2693 761 2791 praecipui
778 2691 876 2788 apud
890 2714 966 2764 nos.

361 2816 397 2882 6.
423 2808 618 2907 Responsa
645 2807 894 2906 prudentum:
932 2829 1013 2901 quae
1040 2826 1213 2898 responsa
1240 2816 1346 2875 erant

310 2920 503 2994 sententiae
522 2919 837 3017 jurisprudentum
863 2941 1000 3005 eorum,
1028 2916 1158 3012 quibus
1186 2916 1347 2988 authori·

311 3045 367 3106 tas
378 3035 424 3107 de
434 3034 516 3129 lege
527 3032 799 3105 consulentibus
813 3029 1056 3126 respondendi
1067 3030 1113 3101 ab
1126 3029 1345 3124 imperatore

311 3171 484 3220 concessa
509 3158 576 3218 est.
628 3146 743 3240 Leges
762 3168 848 3239 ergo
867 3156 982 3216 erant.

361 3264 395 3343 7.
426 3260 716 3333 eonsuetudines
765 3257 920 3354 denique
962 3255 1204 3353 aaa-serapte
1245 3256 1345 3350 leges

310 3387 426 3447 eraut.
479 3375 563 3446 Non
579 3386 701 3446 tamen
718 3384 851 3443 natura
867 3396 943 3460 sua,
958 3370 1022 3444 sed
1039 3393 1218 3443 consensu
1231 3369 1343 3442 tacito

310 3486 549 3583 imperatoris.

359 3599 497 3673 Divisio
514 3601 636 3696 legum
657 3599 728 3672 alia
745 3610 801 3671 est
818 3598 855 3670 in
873 3595 1068 3670 naturales
1092 3606 1129 3667 et
1141 3593 1342 3692 positivae.

310 3712 505 3786 Naturales
523 3737 690 3809 quaenam
708 3712 792 3799 sint,
812 3711 950 3784 dictum
964 3712 1041 3805 jam
1060 3720 1126 3780 est.
1175 3706 1343 3780 AEternae

307 3838 404 3898 sunt.

360 3939 537 4011 Positiace
554 3950 653 4027 sunt,
681 3961 761 4032 quae
788 3939 833 4010 ab
851 3949 989 4010 aeterno
1006 3959 1082 4008 uon
1099 3933 1261 4019 fuerunt,
1279 3931 1344 4004 sed

309 4052 497 4124 voluntate
516 4074 737 4123 summarum
755 4061 978 4145 potestatum
996 4048 1104 4120 factae
1120 4047 1232 4143 leges.

358 4164 497 4259 Legum
515 4163 751 4259 positivarum
770 4162 851 4235 aliae
869 4174 955 4235 sunt
981 4161 1160 4244 hamana,
1178 4159 1258 4231 aliae
1285 4156 1342 4231 di-

305 4276 410 4349 oiaoe.
464 4276 718 4349 Humanarum
745 4274 825 4349 aliae
857 4286 942 4348 sunt
974 4271 1234 4361 distributiva,
1261 4271 1341 4345 aliae
