2926 4980
523 331 577 383 nn
599 332 779 384 nonme.
1120 322 1168 388 65

120 503 275 568 terram
290 519 366 570 non
387 494 572 593 signifieat
597 498 708 574 fuisse
731 500 865 574 eoelum
888 512 927 573 et
956 512 1093 573 terram
1123 503 1169 575 ab
1197 539 1363 589 emt-111,

121 619 282 683 eterno.
332 608 406 683 Ubi
433 610 610 685 Servabor
625 626 753 687 noster
772 614 923 708 (Matth.
941 614 1004 687 xii.
1023 614 1087 707 43)
1116 614 1168 688 lo·
1183 622 1353 728 90?ss

125 721 257 817 quitur
284 720 330 795 de
359 722 492 818 spiritu
521 726 723 814 immundo,
752 727 815 823 qui
846 750 930 799 cum
957 727 1094 799 exisset
1124 751 1168 799 ex
1181 691 1376 826 multidudo:

125 833 281 909 homine
296 848 450 931 vagatus
463 848 520 911 est
535 839 817 934 permanenda,
828 863 995 936 quaerens
1006 840 1170 935 requiem
1182 815 1347 938 mlum

129 970 201 1021 nee
220 948 423 1038 inveniens
449 960 489 1022 et
518 949 557 1023 in
584 952 741 1024 eundem
763 952 949 1026 hominem
966 965 1096 1049 postea
1114 977 1170 1024 re-

132 1085 259 1136 versus
275 1073 331 1135 est
347 1086 433 1135 cnm
450 1062 532 1136 aliis
549 1076 689 1160 septem
710 1065 898 1161 spiritibus
916 1089 955 1138 se
972 1065 1169 1167 pej0ribus‚

132 1175 343 1271 parabolica
368 1176 507 1250 locutio
537 1189 605 1267 est,
633 1178 799 1252 alludens
817 1179 866 1253 ad
890 1180 1077 1254 hominem
1095 1180 1170 1274 qui,

132 1300 216 1385 post
231 1299 407 1361 conatum
423 1290 643 1386 cupiditates
666 1314 750 1364 suas
766 1292 996 1388 relinquendi
1015 1292 1171 1365 debilem

129 1403 262 1490 vietus,
279 1402 414 1497 septies
440 1403 544 1498 pejor
570 1428 680 1499 quam
710 1415 797 1477 unte
824 1417 915 1500 erut.
968 1405 1054 1477 Non
1084 1419 1171 1478 sunt

131 1540 220 1614 ergo
243 1515 442 1612 Scripturae
471 1517 510 1589 in
537 1540 645 1590 sensu
661 1517 858 1591 verborum
883 1517 1003 1615 rigido
1029 1542 1173 1614 semper

130 1629 378 1726 aecipiendae3
404 1652 523 1725 neque
540 1654 586 1703 ex
603 1629 675 1703 illis
691 1631 896 1703 necessario
915 1630 1033 1703 evinci
1050 1641 1172 1726 potest

132 1743 378 1816 damoniaeos
410 1743 502 1816 ulios
528 1743 638 1817 fuisse
664 1768 774 1839 quam
804 1744 967 1833 insanos,
980 1744 1171 1841 furiosos,

131 1855 191 1928 vel
207 1855 318 1928 modo
335 1855 456 1952 aliquo
470 1867 592 1930 mente
605 1856 723 1930 laesos.

184 1969 287 2041 lnter
304 1968 454 2041 insaniae
468 1969 574 2064 signa
581 1970 768 2043 numerari
782 1970 894 2042 etiam
911 1980 1064 2065 possunt
1082 1993 1173 2064 quo-

134 2079 292 2153 rundam
307 2079 502 2153 hominum
519 2104 704 2153 sermones
722 2081 870 2154 absurdi
895 2081 971 2154 sive
996 2080 1174 2176 insignifi-

135 2204 284 2278 cantes;
310 2193 505 2290 dequibus
524 2194 663 2267 dictum
680 2205 736 2267 est
749 2195 868 2291 capite
883 2195 1024 2290 quinto.
1052 2195 1174 2290 Atque

135 2307 207 2379 hoe
224 2330 339 2404 genus
355 2306 507 2380 inseniae
525 2306 671 2380 illorum
682 2307 874 2381 hominum
891 2308 968 2381 fere
985 2307 1175 2403 proprium

137 2431 204 2510 est,
229 2420 291 2516 qui
308 2420 409 2515 loqui
425 2420 483 2493 vel
500 2421 658 2494 seribere
674 2420 719 2493 de
736 2422 780 2494 iis
797 2423 906 2495 rebus
924 2421 1073 2509 nudent,
1093 2444 1176 2515 quae

137 2546 223 2606 sunt
239 2533 641 2628 incomprehensibiles;
659 2532 699 2606 id
711 2534 810 2632 quod
828 2535 896 2608 soli
912 2534 1053 2607 faciunt
1070 2533 1176 2606 scho-

138 2647 256 2720 lastici
272 2658 310 2720 et
325 2646 546 2743 philosophi.
599 2647 695 2720 Nam
713 2648 845 2744 vulgus
875 2646 1065 2721 hominum
1092 2670 1176 2719 raro

138 2760 190 2833 ita
204 2760 415 2857 loquuntur,
433 2770 476 2832 ut
500 2782 577 2833 non
601 2761 743 2856 possint
768 2760 947 2856 intelligi;
974 2771 1013 2832 et
1030 2761 1078 2833 ob
1096 2784 1173 2832 eam

138 2898 216 2946 rem
249 2874 295 2945 ab
329 2873 409 2946 istis
443 2873 524 2946 aliis
557 2874 715 2969 egregiis
749 2874 961 2946 hominibus
994 2873 1177 2947 habentur

139 2997 431 3083 spernunturque
448 3011 515 3083 pro
532 2986 667 3060 idiotis.
705 2987 758 3060 Ut
774 2987 930 3060 sciamus
947 3000 1070 3061 autem
1088 3012 1174 3084 qua-

138 3101 182 3172 lis
200 3100 247 3172 sit
274 3099 574 3173 scholasticorum
601 3111 640 3173 et
668 3100 968 3196 philosophorum
997 3102 1042 3175 de
1069 3104 1178 3175 rebus

141 3212 344 3286 difficilibus
361 3213 490 3301 oratio,
504 3213 766 3310 interpretetur
782 3215 888 3287 nobis
905 3216 1016 3287 verba
1033 3215 1176 3311 aliquis,

140 3348 221 3420 quae
236 3322 385 3397 titulum
396 3324 538 3398 faciunt
560 3326 690 3421 eapitis
707 3326 801 3399 sexti
817 3326 902 3399 libri
918 3327 1028 3423 primi
1042 3326 1178 3415 Suaris,

141 3437 188 3511 de
204 3463 395 3527 concursu,
414 3448 523 3528 motu,
548 3447 587 3510 et
614 3439 756 3511 anxilio
774 3439 862 3511 Dei.
915 3440 1034 3512 Verba
1054 3450 1179 3511 autem

141 3551 218 3624 baec
235 3563 344 3624 sunt:
365 3551 494 3625 Prima
511 3576 629 3625 caasa
647 3577 717 3624 non
735 3552 858 3647 influit
874 3552 1089 3625 necessario
1108 3550 1180 3622 ali-

140 3665 233 3761 quid
257 3665 297 3736 in
324 3664 522 3738 secandam
548 3666 685 3738 virtute
705 3664 1025 3738 subordinatione
1055 3688 1180 3736 essen-

142 3777 246 3850 tialis
277 3802 476 3851 cantaram
505 3779 764 3868 secandarum,
790 3803 861 3876 qno
893 3779 998 3851 illam
1026 3777 1180 3872 amanet

143 3892 307 3988 operari.
336 3891 410 3965 Qui
423 3891 532 3964 simili
543 3891 707 3965 oratione
719 3901 800 3964 tota
817 3892 971 3988 implent
980 3890 1178 3981 volumina,

143 4028 262 4077 nonne
293 4004 492 4094 insaniunt,
526 4005 584 4077 vel
616 4005 707 4077 elios
741 4005 899 4077 insanire
929 4003 1083 4078 volunt?
1135 4005 1180 4076 ln

143 4117 340 4212 quastione
358 4116 404 4189 de
422 4116 834 4205 transubstantiatione,
853 4118 915 4190 ubi
937 4118 1078 4207 dieunt,
1096 4130 1180 4215 post

143 4242 242 4302 certa
258 4230 425 4326 quaedam
442 4231 585 4325 prolata
601 4232 724 4319 verbu,
743 4231 960 4319 albedinem,
972 4233 1179 4305 rotundita-

241 4365 335 4417 vol..
357 4367 419 4416 111.
1058 4368 1080 4417 F
