2926 4980
298 373 371 442 568
533 390 752 446 arraunrx
771 392 826 444 An
847 391 1103 445 unvrnrnnrv.

112 585 190 637 cnr.
205 587 257 638 111.
295 576 396 646 num,
415 556 480 630 sed
503 557 740 649 infirmitatis,
758 571 797 633 et
813 584 836 633 a
853 559 1001 633 Christo
1017 558 1124 632 facile
1149 558 1345 633 condona-

107 789 262 899 ma
345 784 395 858 Α.
421 785 562 859 Eodem
588 786 719 882 capite,
737 787 895 859 affirmat
918 785 1062 859 licitum
1082 808 1161 859 csse
1185 786 1342 882 regibus

108 923 144 963 aa
156 919 283 965 maana
295 897 512 972 Christianis
529 898 786 973 administrare
803 911 1044 973 sacramenta.

345 1013 396 1085 B.
423 1013 560 1085 Omnes
576 1012 653 1087 fere
670 1013 828 1085 ministri
846 1012 1008 1085 ecclesiae
1026 1011 1252 1108 Anglicanae,
1272 1036 1343 1086 an-

295 1148 345 1198 no
361 1126 481 1222 primo
499 1126 636 1222 reginae
662 1125 900 1215 Elizabethae,
915 1125 1013 1198 idem
1039 1138 1234 1198 senserunt
1252 1149 1341 1198 cum

294 1238 370 1312 illc.
423 1238 540 1312 Simul
570 1238 668 1311 enim
685 1263 728 1312 ac
744 1239 872 1335 regina
895 1251 1144 1334 suprematum
1170 1238 1341 1312 ecclesiae

294 1352 364 1425 sibi
376 1351 606 1425 vendicasset
620 1351 740 1424 emisit
753 1351 926 1424 mandata
940 1351 1119 1447 quaedam,
1129 1374 1196 1448 per
1207 1376 1339 1426 omnes

294 1463 479 1551 dioeceses,
515 1486 598 1557 quae
630 1462 806 1536 mandata
844 1463 1042 1560 appellavit
1074 1465 1338 1560 injunctiones.

296 1577 461 1660 Quarum
478 1599 552 1649 una
569 1586 658 1665 erat,
676 1588 720 1649 ut
742 1576 865 1649 clerici
882 1601 1009 1650 omnes
1026 1601 1111 1651 cum
1124 1579 1338 1673 juramento

293 1700 603 1785 recognoscerent
613 1687 776 1761 ecclesiae
790 1701 1040 1786 suprematum
1053 1692 1136 1786 Jure
1147 1690 1338 1786 pertinere

292 1802 341 1875 ad
357 1802 524 1897 reginam
542 1812 580 1875 et
593 1824 820 1875 successores
831 1825 926 1875 suos.
954 1801 1065 1874 Multi
1077 1813 1202 1875 autem
1216 1815 1335 1893 erant,

292 1914 356 2012 qui
382 1916 507 2010 jurate
533 1914 744 2002 noluerunt,
771 1914 879 2004 hanc,
908 1924 952 1987 ut
977 1915 1048 2011 ipsi
1073 1913 1259 2005 dicebant,
1284 1918 1332 1989 ob

291 2052 460 2113 causam;
478 2028 579 2124 quod
591 2052 635 2101 eo
649 2051 834 2117 concesso,
843 2050 919 2100 nna
929 2027 1144 2101 conceditur
1153 2029 1327 2125 reginam,

291 2142 322 2215 si
331 2142 431 2232 velit,
441 2165 548 2239 posse
558 2141 814 2221 administrare
824 2153 1065 2215 sacramenta.
1092 2141 1327 2215 Manifestum

290 2257 379 2330 hinc
392 2268 459 2346 est,
478 2256 617 2329 clerum
633 2255 737 2329 illum
754 2255 964 2345 credidisse,
982 2256 1021 2328 in
1037 2250 1259 2353 quocunque
1275 2280 1333 2329 re·

291 2371 428 2444 sideret
450 2369 614 2442 ecclesiae
636 2379 879 2464 suprematuS,
898 2368 1016 2443 eidem
1039 2393 1185 2466 quoque
1210 2369 1334 2461 licere,

290 2482 433 2579 quoties
458 2483 548 2571 vult,
566 2506 611 2554 ea
634 2482 759 2555 omnia
785 2482 1053 2573 administrare,
1072 2507 1154 2579 quae
1172 2508 1194 2555 a
1212 2507 1336 2557 sacer-

288 2596 435 2669 dotibus
449 2595 697 2669 administrari
715 2595 845 2668 solent.
874 2595 1058 2669 Caeterum
1071 2595 1119 2668 ad
1128 2596 1334 2669 tollendum

287 2710 499 2806 scrupulum
516 2711 614 2782 hunc
632 2709 820 2805 rescripsit
843 2710 982 2806 regina,
1000 2733 1188 2806 nunquam
1206 2711 1277 2783 sibi
1294 2712 1334 2784 in

287 2823 410 2895 animo
437 2823 548 2896 fuisse
576 2822 685 2895 aliam
714 2823 784 2895 sibi
810 2823 1165 2897 administrationem
1183 2837 1248 2897 aut
1266 2849 1334 2920 po-

286 2946 459 3009 testatem
476 2957 672 3024 assumere,
701 2958 812 3029 quam
830 2961 903 3030 qua
927 2938 985 3009 usi
1013 2950 1100 3010 sunt
1129 2938 1235 3010 Pater
1253 2940 1333 3033 ejus

289 3049 472 3121 Henricus
490 3060 528 3120 et
540 3048 655 3120 frater
667 3046 872 3120 Eduardus.
925 3050 1046 3144 Atque
1063 3050 1135 3122 hoc
1152 3051 1330 3145 rescripto

287 3186 355 3234 nec
386 3161 656 3235 successoribus
681 3161 755 3232 suis
782 3161 954 3234 masculis
981 3174 1202 3257 potestatem
1228 3163 1330 3236 illam

288 3275 490 3371 derogavit,
525 3298 594 3346 nec
627 3273 696 3345 sibi
723 3274 932 3369 arrogavit3
959 3275 1077 3348 sciens
1103 3275 1331 3371 prohibitum

288 3411 366 3460 esse
383 3387 544 3460 foeminis
561 3387 663 3483 loqui
681 3386 719 3459 in
737 3387 911 3461 ecclesiis.

337 3500 386 3573 A.
414 3501 533 3597 Caput
557 3500 878 3596 quadragesimum
904 3501 1055 3574 tertium
1080 3511 1202 3573 totum
1227 3502 1265 3573 in
1285 3526 1331 3575 co

286 3614 525 3703 consumitur,
552 3627 596 3686 ut
624 3616 757 3710 probet
785 3615 972 3710 peccatori
996 3614 1192 3710 poenitenti
1216 3613 1332 3688 fidem

285 3726 394 3800 aliam
411 3725 459 3798 ad
476 3725 632 3799 salutem
654 3728 899 3800 necessariam
916 3751 991 3800 non
1008 3751 1098 3816 esse,
1117 3751 1227 3823 quam
1245 3751 1332 3823 quae

285 3840 496 3914 continetur
505 3840 544 3911 iu
554 3840 625 3913 hcc
635 3863 709 3912 uno
719 3841 888 3929 articulo,
895 3839 1021 3912 Jesum
1035 3864 1117 3912 ease
1125 3839 1330 3914 Christum.

334 3956 384 4026 B.
412 3954 455 4025 In
473 3952 535 4024 illo
553 3952 708 4025 articulo
733 3953 850 4026 multa
874 3951 1121 4040 continentur,
1140 3965 1184 4024 ut
1200 3953 1331 4028 Jesum

285 4090 364 4139 esse
390 4066 522 4139 Filium
548 4066 629 4154 Dei,
647 4089 772 4161 regem
797 4065 1022 4154 Judaeorum‚
1041 4076 1332 4141 restauratorem

284 4180 389 4276 regni
406 4179 486 4252 Dei.
539 4179 660 4251 Etiam
679 4201 812 4273 scopus
829 4177 1021 4274 Evangelii
1038 4177 1130 4250 alius
1156 4202 1233 4251 non
1259 4192 1332 4272 est,

285 4303 326 4364 ut
349 4304 507 4367 testatur
533 4293 721 4366 Johannes
741 4291 928 4387 apostolus
960 4293 1036 4385 (xx.
1053 4293 1132 4386 31),
1151 4316 1260 4388 quarn
1290 4309 1335 4369 ut
