2926 4980
316 349 388 432 372
557 370 612 423 nn
631 370 826 426 crvrrnrn
846 373 1116 429 cuursrrxua.

116 568 292 623 cxnxxu.
315 538 686 614 excommunicationi
719 541 883 615 fidelium
916 542 1039 617 favere
1072 542 1190 617 videri
1223 552 1362 640 potest,

130 651 273 687 n-f-a

127 707 277 767 nepotum

315 656 379 751 qui
411 653 693 728 fundamentum
724 667 936 746 tenuerunt,
963 667 1117 753 propter
1145 655 1363 753 opinionem

125 772 279 819 ”effluite
315 768 475 865 aliquam
496 793 623 841 eorum
642 769 877 866 singularem,
895 770 1052 843 sortasse
1070 794 1094 843 a
1108 770 1209 843 bona
1232 781 1274 842 et
1299 771 1363 868 pia

313 880 520 955 intentione
536 882 811 979 procedentem,
829 883 951 957 nullus
966 896 1032 958 est.
1070 884 1216 958 Monita
1231 896 1362 959 autem

312 995 376 1070 illa
400 995 447 1069 de
477 997 581 1070 vanis
606 1009 645 1070 et
669 998 793 1071 stultis
819 997 1127 1094 disputationibus
1160 997 1360 1094 fugiendis,

311 1109 535 1205 pastoribus,
559 1110 684 1206 quales
710 1122 817 1184 erant
838 1111 1054 1184 Timotheus
1080 1123 1118 1184 et
1133 1109 1253 1202 Titus,
1271 1113 1360 1186 solis

312 1223 461 1319 scripta,
479 1236 518 1296 et
541 1247 585 1296 eo
612 1224 763 1298 consilio
786 1224 924 1320 scripta
946 1236 1064 1311 erant,
1081 1247 1128 1297 ne
1146 1236 1361 1298 controver-

312 1335 384 1409 sias
401 1359 540 1426 omnes,
554 1337 665 1410 etiam
679 1338 782 1433 parvi
796 1338 985 1427 momenti,
997 1337 1227 1427 definientes,
1241 1362 1360 1412 novos

312 1450 492 1524 cuderent
521 1450 695 1524 articulos
722 1451 822 1541 fidei,
847 1474 940 1524 neve
966 1451 1211 1525 conscientias
1242 1452 1363 1525 homi-

311 1587 401 1637 num
419 1564 498 1636 sine
515 1563 733 1637 necessitate
754 1576 963 1650 onerarent,
987 1587 1123 1660 eosque
1146 1564 1194 1638 ad
1214 1563 1362 1662 fugien-

312 1675 398 1750 dam
415 1676 579 1749 ecclesiae
597 1677 893 1749 communionem
920 1688 1177 1772 provocarent.
1231 1676 1360 1752 Sancti

312 1789 441 1863 Petrus
459 1801 497 1860 et
514 1787 658 1878 Paulus,
676 1789 746 1861 etsi
778 1788 873 1881 (Gal.
892 1789 929 1861 ii.
954 1789 1014 1883 ll)
1035 1812 1170 1886 magna
1187 1802 1286 1864 esset
1302 1792 1360 1865 in·

310 1913 369 1975 ter
386 1926 449 1976 eos
465 1901 726 1992 controversia,
745 1926 820 1975 non
845 1913 970 1976 tamen
999 1902 1093 1975 alter
1115 1902 1272 1976 alterum
1294 1928 1358 1978 ex-

312 2016 608 2091 communicavit.

363 2130 417 2204 Ut
442 2130 524 2227 quis
550 2128 921 2202 excommunicationi
947 2128 1127 2202 obnoxius
1153 2128 1212 2217 sit,
1239 2129 1358 2204 multa

311 2244 572 2340 requiruntur;
599 2243 730 2340 primo,
755 2254 798 2315 ut
814 2243 863 2315 sit
883 2242 1037 2337 alicujuis
1064 2258 1183 2316 coetus
1200 2243 1357 2339 legitimi

312 2358 529 2447 membrum,
544 2357 697 2452 alicujus
715 2356 797 2429 dico
816 2356 980 2430 ecclesiae
998 2355 1218 2431 Christiana
1235 2356 1357 2452 legiti-

310 2493 382 2544 mae
395 2481 616 2566 potestatem
630 2469 877 2566 cognoscendi
890 2493 1038 2543 causam
1051 2470 1233 2558 habentis,
1245 2494 1356 2568 prop·

311 2595 369 2656 ter
387 2607 496 2678 quam
514 2583 886 2656 excommunicandus
904 2582 1036 2678 aliquis
1053 2584 1112 2656 sit.
1165 2583 1239 2656 Ubi
1257 2583 1356 2656 enim

311 2718 388 2768 non
406 2708 462 2769 est
480 2697 736 2787 communitas,
754 2696 805 2769 ibi
828 2720 948 2793 neque
969 2720 1047 2769 esse
1067 2707 1190 2793 potest
1210 2721 1358 2770 excom·

309 2810 523 2884 municatio.
565 2811 706 2907 Neque,
724 2810 787 2882 ubi
805 2810 1052 2907 cognoscendi
1070 2834 1216 2884 causam
1234 2823 1357 2907 potes·

308 2933 366 2996 tas
383 2947 457 2996 non
475 2936 543 3013 est,
561 2923 705 2996 serendi
723 2925 943 2998 sententiam
962 2948 1041 2997 esse
1054 2935 1190 3021 potest.

360 3036 533 3132 Sequitur
549 3037 649 3127 hinc,
663 3037 855 3110 ecclesiam
868 3062 980 3110 unam
992 3039 1039 3111 ab
1054 3039 1126 3111 alia
1143 3061 1354 3111 excommu-

308 3153 424 3226 nicari
441 3178 517 3229 non
533 3179 652 3252 posse.
681 3155 870 3252 Siquidem
893 3157 992 3228 enim
1010 3156 1356 3229 excommunicandi

308 3289 347 3339 se
364 3280 494 3342 mutuo
511 3279 734 3365 potestatem
752 3269 928 3364 aequalem
953 3268 1125 3358 habeant,
1143 3293 1220 3341 non
1244 3268 1354 3343 disci-

306 3380 408 3477 plina
425 3383 757 3456 excommunicatio
775 3393 841 3471 est,
861 3381 926 3454 sed
939 3382 1108 3456 schisma.
1153 3382 1219 3455 Sin
1237 3384 1354 3456 eccle-

307 3495 361 3568 sia
386 3519 461 3568 una
486 3495 592 3568 alteri
619 3496 859 3569 subordinata
884 3495 943 3583 sit,
969 3495 1080 3568 unica
1100 3507 1246 3568 tantum
1267 3509 1355 3570 sunt

307 3609 483 3693 ecclesia3
511 3620 549 3680 et
567 3608 631 3705 qui
648 3608 1024 3698 excommunicantur,
1035 3608 1202 3681 homines
1219 3609 1353 3705 privati

308 3733 406 3811 sunt,
426 3722 581 3794 sednon
601 3723 765 3796 ecclesia.

359 3836 545 3910 Quoniam
579 3848 703 3908 autem
743 3835 1134 3908 excommunicationis
1168 3836 1354 3909 sententia

307 3947 597 4022 admonitionem
616 3948 782 4021 continet
812 3973 1050 4045 congressum
1077 3961 1114 4022 et
1141 3950 1353 4023 convictum

306 4086 392 4135 cum
419 4062 739 4135 excommunicato
755 4062 944 4158 fugiendi3
973 4062 1003 4135 si
1028 4063 1072 4149 is,
1091 4063 1154 4159 qni
1172 4085 1353 4135 summam

306 4176 419 4249 habet
436 4176 474 4248 in
492 4176 641 4250 civitate
666 4186 901 4272 potestatem,
917 4176 1255 4249 excommunicatus
1273 4174 1352 4247 fue-

304 4290 366 4379 rit,
382 4290 567 4363 sententia
583 4288 744 4364 invalida
762 4300 828 4363 est.
870 4289 977 4364 Cives
992 4290 1091 4364 enim
1108 4289 1237 4364 adesse
1253 4312 1352 4362 snm-
