2926 4980
313 339 385 406 204
688 357 741 408 nu
761 355 966 408 crvrrnrn.

112 549 188 598 cnr.
201 548 300 600 xxvr.
313 520 436 611 fuerit,
452 522 558 595 bonis
585 523 658 596 suis
685 525 853 597 omnibus
881 525 1131 613 mulctaretur,
1149 523 1257 596 bonis
1274 523 1348 596 suis

128 631 271 747 M
314 645 446 707 exutus
463 644 530 708 est.
584 636 897 709 Consuetudinem
924 638 1019 709 hanc
1045 659 1348 732 quorumcunque

130 756 238 801 armam
314 760 351 820 et
364 757 598 844 quotcunque
609 749 828 845 praejudiciis
838 749 918 821 fieri
932 749 1051 845 legem
1061 748 1225 844 potuisse
1239 772 1346 845 nego.

311 860 447 933 Paniri
467 861 564 933 enim
588 861 813 934 innocentem
836 872 936 935 vetat
963 861 1023 934 lex
1048 872 1191 933 naturae
1209 871 1348 935 aeteroa

312 986 351 1046 et
365 972 498 1047 divina.
550 975 656 1046 Metu
672 976 876 1071 potentium
893 975 1125 1047 inimicorum
1142 974 1271 1069 fugere
1287 976 1347 1048 lex

312 1087 412 1161 nulla
427 1088 675 1184 prohibuerat.
727 1090 908 1162 Innocens
925 1099 1047 1161 autem
1070 1111 1114 1160 eo
1140 1101 1220 1161 erat
1246 1089 1346 1184 quod

312 1202 500 1275 absolutus
517 1214 583 1274 est.
636 1201 960 1296 Praesumptionem
977 1200 1139 1273 oriminis
1164 1201 1346 1275 absolutio

311 1314 520 1387 abstulerat.
573 1314 701 1409 Itaque
719 1314 842 1411 inique
860 1324 898 1386 et
914 1323 1043 1387 contra
1058 1313 1177 1410 legem
1203 1325 1345 1388 naturae

310 1427 417 1500 bonis
451 1427 618 1500 omnibus
652 1427 845 1500 mobilibus
879 1426 1054 1522 spoliatus
1087 1435 1153 1499 est.
1210 1428 1345 1524 Praeju-

311 1542 407 1615 dicia
440 1564 528 1636 ergo
562 1541 601 1613 in
631 1540 779 1636 judiciis
813 1539 1055 1629 considerare,
1090 1552 1154 1613 aut
1183 1540 1345 1637 imperiti

309 1664 375 1728 aut
398 1653 512 1749 iniqui
534 1653 669 1751 judicis
693 1667 759 1726 est.
811 1654 932 1726 Etiam
957 1653 1102 1725 axioma
1126 1653 1216 1725 illud
1233 1654 1344 1750 legis-

308 1778 442 1855 tarum,
456 1763 595 1838 nnllam
605 1764 867 1863 probationem
878 1766 1342 1862 controproeanmptionem

307 1879 407 1977 legis
424 1879 692 1952 admittendam
704 1903 797 1967 esee,
812 1877 976 1975 iniquum
994 1889 1074 1961 est;
1100 1878 1227 1974 injusti
1244 1880 1341 1953 enim
1402 1905 1406 1911 ·

303 1993 445 2088 judices
462 2005 559 2082 sunt,
577 1993 651 2088 qui,
663 1991 762 2088 quod
776 1991 823 2064 ad
840 1992 896 2064 sui
910 1990 1156 2064 defensionem
1169 1991 1344 2087 producit

306 2129 402 2196 reus,
419 2107 544 2179 audire
567 2105 709 2178 nolunt.

357 2218 543 2308 Similiter,
562 2217 707 2313 quando
728 2216 912 2290 sententia
925 2217 1103 2312 quaeritur
1112 2216 1205 2312 legis
1228 2219 1342 2314 scrip-

307 2342 367 2422 tae,
395 2333 576 2429 interpres
602 2355 675 2403 uon
699 2331 769 2403 erit
787 2331 849 2426 qui
867 2330 905 2403 in
922 2331 1040 2426 legem
1058 2331 1339 2404 commentarios

306 2445 445 2518 scribit.
498 2443 760 2518 Commentarii
774 2443 870 2515 enim
882 2443 1112 2516 obscuriores
1125 2443 1341 2539 plerumque

306 2573 392 2631 sunt
409 2559 489 2655 ipso
500 2569 625 2642 textu;
645 2567 682 2630 et
692 2555 846 2653 proinde
860 2580 951 2651 opus
962 2556 1099 2629 habent
1112 2571 1339 2630 commenta-

304 2671 390 2755 riis;
416 2671 508 2743 adeo
533 2681 575 2744 ut
597 2668 863 2765 interpretandi
888 2667 1009 2740 nullus
1035 2669 1083 2741 sit
1107 2669 1203 2741 finis.
1257 2670 1337 2742 Nisi

304 2808 391 2880 ergo
403 2784 626 2857 authoritate
637 2805 787 2854 summae
801 2781 994 2876 potestatis
1009 2781 1188 2876 interpres
1206 2781 1337 2877 aliquis

304 2898 524 2970 constitutus
552 2897 610 2986 sit,
641 2919 662 2966 a
692 2896 796 2990 cujus
823 2893 1124 2988 interpretatione
1151 2895 1337 2990 judicibus

304 3009 549 3082 subordinatis
574 3007 759 3081 discedere
776 3030 850 3078 non
867 3005 988 3095 liceat,
1008 3006 1076 3102 ipsi
1090 3007 1233 3101 judices
1251 3011 1335 3082 sub-

303 3123 461 3195 ordinati
487 3123 703 3217 interpretes
729 3130 847 3206 erunt,
866 3131 908 3191 ut
935 3120 973 3191 in
999 3120 1139 3215 legibus
1159 3122 1336 3194 naturali-

301 3236 391 3318 bus;
418 3247 455 3307 et
480 3258 606 3307 eorum
624 3233 826 3322 sententiaa,
854 3230 901 3303 ad
926 3232 1115 3327 praesentis
1141 3232 1215 3305 litis
1236 3234 1335 3307 deci-

301 3349 453 3438 sionem,
471 3371 538 3443 pro
555 3346 695 3441 legibus
722 3344 899 3418 habendae
925 3358 1042 3418 erunt.
1096 3345 1169 3417 Sed
1191 3347 1333 3442 judices

299 3463 373 3550 alii,
390 3463 428 3534 in
446 3460 622 3534 similibus
633 3459 906 3554 quaestiouibus
925 3482 1000 3530 non
1018 3483 1062 3530 eo
1074 3459 1333 3553 obligabantur

301 3599 404 3648 casus
419 3573 553 3647 similes
571 3572 736 3645 similiter
749 3571 925 3667 judicare.

348 3686 598 3761 Differentiam
617 3686 713 3758 inter
728 3685 871 3758 literam
893 3699 930 3758 et
956 3685 1175 3757 sententiam
1193 3708 1332 3780 ponere

298 3801 417 3873 solent
435 3800 641 3894 scriptores
694 3798 853 3870 Literam
870 3798 945 3869 sive
971 3798 1083 3869 verba
1098 3797 1190 3892 legis
1207 3821 1274 3893 per
1294 3822 1331 3871 se

298 3926 455 4009 sumpta,
467 3935 610 3984 sensum
629 3910 807 3983 literalem
817 3922 951 3982 vocant
966 3941 975 3993 ;
1002 3909 1066 3983 sed
1079 3910 1169 4005 legis
1184 3923 1330 3983 senten·

298 4026 387 4098 tiam
406 4050 485 4099 eam
504 4025 581 4097 esse
601 4023 740 4111 dicunt,
761 4046 868 4116 quam
882 4022 1037 4118 intelligi
1052 4023 1166 4096 voluit
1187 4022 1331 4119 legisla-

299 4149 368 4210 tor.
396 4140 442 4211 Et
453 4149 551 4210 recte
563 4136 708 4233 quidem
721 4135 963 4229 distinguunt.
991 4136 1194 4232 Legislator
1207 4147 1330 4208 autem

296 4251 385 4345 quid
410 4276 474 4346 per
499 4253 610 4324 verba
634 4250 724 4345 legis
743 4249 896 4343 intelligi
913 4250 1040 4338 voluit,
1058 4249 1156 4322 unde
1173 4273 1328 4345 cognos-

295 4362 417 4436 citur?
444 4365 558 4436 Exeo
578 4362 823 4459 cognoscitur,
849 4361 946 4459 quod
970 4363 1168 4458 legislator,
1194 4362 1320 4451 idest,
