2926 4980
340 359 363 423 8
723 376 781 426 nn
802 376 984 428 nouuvn.

42 633 46 639 .
164 575 241 623 cae.
256 575 292 623 ιι.
392 542 507 615 Simul
524 566 567 614 ac
594 567 725 638 corpus
748 557 928 633 movetur,
946 546 1163 634 movebitur,
1180 545 1251 618 nisi
1277 545 1377 618 aliud

130 655 330 775 „effla
342 680 474 753 corpus
491 657 622 739 obstet,
640 656 678 729 in
694 670 883 730 aetemum.
910 659 1041 755 Neque
1059 659 1108 747 id,
1127 659 1226 755 quod
1243 659 1376 748 obstat,

341 783 484 841 motum
500 769 597 841 hunc
616 769 655 842 in
672 770 844 858 instante,
862 771 925 843 sed
943 771 981 844 in
1008 784 1173 867 tempore
1190 784 1229 844 et
1244 771 1377 867 grada-

342 883 409 955 tim
443 882 635 978 extinguit.
688 883 791 955 Sicut
824 885 863 956 in
897 884 989 957 mari
1022 885 1186 957 videmus
1216 885 1308 974 fieri,
1336 896 1377 958 ut

341 1007 506 1069 cessante
523 1009 633 1069 vento
651 1021 726 1069 non
752 997 876 1069 statim
894 1010 1040 1070 cessant
1057 999 1202 1087 fluctus,
1219 999 1274 1070 ita
1287 1021 1378 1093 quo-

341 1111 467 1208 quein
485 1120 588 1182 motu
605 1109 669 1181 illo
697 1109 889 1205 contingit,
915 1111 977 1207 qui
1002 1123 1059 1183 est
1081 1110 1120 1183 in
1139 1111 1305 1206 partibus
1321 1111 1378 1183 in-

341 1224 455 1296 ternis
467 1222 625 1295 hominis
643 1234 732 1295 tunc
750 1247 834 1295 cum
851 1223 962 1312 videt,
976 1225 1145 1312 somniat,
1159 1225 1221 1296 &c
1274 1223 1378 1296 Post-

342 1359 451 1431 quam
487 1336 583 1408 enim
618 1337 805 1431 objectum
839 1351 1021 1410 remotum
1058 1350 1125 1425 est,
1159 1337 1217 1409 vel
1251 1336 1379 1410 oculus

342 1449 497 1537 clausus,
515 1448 710 1544 imaginem
727 1463 851 1522 tamen
864 1450 917 1522 rei
930 1449 1017 1523 visae
1035 1450 1244 1538 retinemus,
1263 1472 1379 1544 quau-

344 1587 453 1658 quam
470 1562 655 1658 aliquanto
673 1564 932 1636 obscuriorem.
959 1563 1081 1659 Atque
1093 1563 1173 1636 haec
1188 1573 1244 1635 est
1256 1563 1378 1658 imago

343 1675 669 1771 aquafaoultatem
682 1676 906 1772 appellamus
920 1675 1233 1774 imaginationem.
1260 1674 1380 1747 Phan-

343 1789 472 1861 tasiam
490 1789 607 1861 Graeci
631 1801 669 1861 et
686 1789 815 1861 melius
833 1801 977 1877 vocant,
996 1814 1019 1861 a
1036 1812 1254 1885 quocunque
1271 1812 1381 1861 sensu

344 1903 483 1976 oriatur
497 1934 506 1985 ;
533 1903 653 1998 imago
670 1915 794 1976 autem
809 1902 958 1998 propria
968 1913 1025 1975 est
1037 1925 1159 1974 rerum
1171 1902 1379 1974 visibilium.

344 2015 563 2111 Imaginatio
591 2039 678 2111 ergo
706 2016 797 2088 nihil
820 2015 920 2088 aliud
948 2028 1005 2088 est
1036 2039 1146 2111 quam
1175 2015 1295 2088 sensio
1319 2015 1381 2087 de·

343 2127 468 2200 ficiens
486 2129 561 2200 sive
578 2127 795 2223 phantasma
812 2127 968 2199 dilutum
983 2138 1022 2199 et
1038 2127 1244 2216 evanidum,
1263 2138 1302 2199 et
1326 2137 1382 2199 est

344 2240 550 2314 hominibus
578 2264 663 2312 cum
693 2240 909 2312 animalibus
939 2238 1081 2312 caeteris
1108 2239 1185 2312 fere
1213 2239 1381 2312 omnibus

345 2354 558 2443 communis,
576 2354 651 2426 sive
667 2353 819 2449 vigilant
836 2353 911 2424 sive
935 2352 1132 2426 dormiunt.

397 2466 508 2541 Quod
541 2479 664 2540 amoto
705 2467 849 2562 objecto
886 2466 1103 2562 phantasma
1142 2466 1185 2538 fit
1219 2465 1382 2556 dilutius,

347 2603 457 2653 causa
474 2604 550 2652 non
567 2591 622 2653 est
640 2579 807 2652 debilitas
828 2579 951 2674 aliqua
975 2592 1096 2652 motus
1119 2579 1208 2652 facti
1233 2579 1272 2651 in
1296 2591 1383 2652 actu

348 2692 540 2779 sentiendi,
559 2692 623 2764 sed
637 2692 910 2789 praeoccupatio
925 2715 1148 2788 organorum
1164 2693 1210 2765 ab
1228 2693 1383 2788 objectis

346 2804 450 2889 aliis;
490 2805 796 2900 quemadmodum
836 2806 1104 2902 praedominans
1138 2805 1260 2901 fulgor
1294 2806 1382 2878 solis

347 2917 533 2989 stellarum
544 2917 667 2989 lumen
682 2919 878 2991 obscurum
895 2919 1005 3003 facit3
1033 2943 1114 3015 quae
1131 2932 1254 2992 tamen
1268 2919 1383 2991 stellae

347 3029 521 3101 virtutem
543 3029 655 3118 illam,
683 3055 755 3126 qua
782 3032 897 3104 videri
919 3056 957 3105 se
983 3032 1137 3118 faciunt,
1163 3056 1237 3104 non
1263 3033 1384 3106 minus

349 3142 394 3216 de
412 3143 470 3216 die
497 3156 668 3217 exercent
689 3169 799 3241 quam
825 3160 948 3220 noctu.
1000 3148 1148 3236 Verum,
1176 3147 1262 3243 quia
1286 3147 1384 3219 inter

348 3258 482 3331 multos
500 3270 538 3330 et
554 3259 673 3332 varios
690 3260 797 3348 ictuS,
817 3285 908 3356 quos
930 3261 1038 3349 oculi,
1056 3284 1174 3349 aures,
1193 3271 1232 3332 et
1248 3271 1385 3332 caetera

349 3395 519 3444 sensuum
536 3396 674 3468 organa
699 3374 744 3445 ab
769 3374 929 3446 externis
954 3374 1149 3471 agentibus
1173 3372 1219 3445 de
1243 3372 1302 3445 die
1319 3396 1385 3469 pa-

348 3485 502 3574 tiuntur,
520 3486 618 3558 solus
636 3486 731 3559 ictus
747 3487 1018 3584 praedominans
1035 3500 1093 3561 est
1109 3486 1302 3572 sensibilis,
1319 3486 1385 3559 lux

349 3599 434 3672 solis
467 3599 735 3696 praedominans
765 3625 874 3674 causa
907 3611 974 3689 est,
1006 3601 1107 3698 quod
1139 3625 1162 3673 a
1196 3601 1386 3673 stellarum

351 3712 558 3785 actionibus
588 3713 708 3786 minus
737 3714 949 3787 afficiamur.
1001 3714 1136 3786 Amoto
1165 3724 1290 3787 autem
1321 3715 1385 3789 ob-

345 3825 457 3919 jecta,
486 3826 555 3898 etsi
582 3838 771 3898 remaneat
796 3850 878 3926 quae
903 3826 1002 3899 facta
1030 3826 1152 3898 fuerat
1181 3827 1385 3923 impressio,

350 3937 628 4010 succedentibus
646 3949 769 4011 tamen
787 3940 940 4034 objectis
967 3949 1004 4011 et
1028 3939 1276 4035 operantibus,
1293 3964 1385 4035 prae-

349 4049 448 4121 teriti
469 4049 682 4145 imaginatio
707 4050 858 4124 diluitur
881 4062 919 4123 et
943 4052 1174 4140 obscuratur,
1202 4053 1297 4125 sieut
1312 4075 1385 4122 vox

349 4161 547 4235 hominisa
569 4163 724 4259 strepitu
746 4162 828 4236 diei.
882 4164 1010 4259 ltaque
1037 4175 1175 4260 quanto
1200 4189 1222 4237 a
1244 4163 1384 4236 visione

350 4275 408 4348 vel
434 4275 601 4348 sensione
629 4276 782 4371 alicujus
810 4275 945 4372 objecti
971 4275 1116 4372 longius
1143 4288 1198 4350 est
1229 4289 1384 4371 tempus
