2926 4980
327 381 396 447 188
696 397 751 450 un
771 397 980 450 crvrrarn.

117 564 429 653 cup‚xx1v,bona,
448 572 487 636 et
516 562 553 637 in
582 587 671 660 quas
697 576 826 654 terras,
844 564 933 638 civis
959 564 1017 636 vel
1035 564 1171 638 civium
1187 588 1365 638 numerus

108 678 284 793 „effi
321 675 530 772 quicunque
548 677 768 772 exportabit,
794 688 833 749 et
855 701 938 773 qnae
954 676 1181 773 importabit,
1200 677 1365 751 definire.

108 811 304 890 cumanae„
322 787 420 861 Nam
437 786 468 860 si
485 786 682 885 uuicuique
700 788 738 861 in
756 789 825 861 hac
842 812 883 861 re
909 812 975 862 suo
996 789 1108 885 ipsius
1126 788 1280 862 arbitrio
1309 788 1366 862 nti

108 882 271 959 “m'‘
321 903 609 999 permitteretur,
639 926 715 974 non
750 901 919 975 deessent
949 903 1011 999 qui
1044 903 1137 976 lucri
1167 902 1225 975 sni
1255 926 1367 975 causa

322 1015 490 1088 hostibus
515 1039 560 1088 ea
576 1015 789 1104 venderent,
808 1015 940 1111 quibus
958 1016 1098 1089 civitati
1116 1039 1252 1088 nocere
1282 1040 1366 1111 pos-

322 1139 416 1216 sent,
435 1152 551 1225 eaqne
568 1129 812 1225 importarent
825 1153 907 1224 quae
921 1129 1060 1202 civibus
1077 1129 1232 1202 fortasse
1245 1139 1364 1225 grata,

322 1242 387 1316 sed
403 1241 515 1314 noxia
529 1242 589 1314 vel
606 1243 735 1315 saltem
753 1243 897 1315 inutilia
915 1253 1048 1315 essent.
1099 1242 1159 1315 Ad
1182 1265 1364 1315 summam

322 1379 410 1451 ergo
444 1365 667 1450 potestatem
700 1355 863 1451 pertinet
896 1366 975 1428 tum
1009 1355 1055 1428 de
1081 1355 1172 1429 locis
1207 1367 1288 1427 tum
1319 1353 1365 1427 de

321 1467 475 1542 materia
488 1466 701 1563 negotiandi
719 1467 952 1540 constituere.

372 1583 565 1669 Praeterea,
583 1604 668 1653 cum
685 1580 824 1653 civibus
841 1581 929 1653 satis
947 1605 1022 1653 non
1039 1579 1087 1652 sit
1102 1580 1270 1676 proprios
1295 1580 1365 1654 sibi

321 1695 457 1768 habere
474 1717 582 1790 agros
600 1704 638 1766 et
655 1706 756 1766 certa
772 1694 881 1784 bona,
898 1694 970 1766 nisi
989 1705 1027 1766 et
1044 1718 1088 1767 ea
1103 1695 1265 1767 habeant
1281 1718 1364 1789 qnae

320 1831 386 1904 per
408 1822 557 1881 mutuos
583 1817 796 1880 contractus
822 1818 1062 1896 commutent,
1080 1819 1191 1904 prout
1208 1807 1363 1904 singulis

320 1921 369 1996 ad
401 1922 494 1994 bene
527 1919 723 1994 vivendum
756 1920 1003 1994 necessarium
1036 1920 1244 2005 videbitur;
1289 1921 1361 1993 hoc

322 2035 514 2134 quoquein
533 2059 684 2107 summae
697 2034 889 2131 potestatis
907 2034 1059 2107 arbitrio
1077 2046 1144 2123 est,
1159 2057 1233 2130 quo
1252 2033 1363 2107 modo

322 2162 360 2223 et
376 2149 496 2223 forma
511 2149 728 2221 contrahere
742 2148 901 2221 debeant
914 2148 1012 2222 cives
1027 2148 1173 2244 quando
1184 2147 1363 2237 vendunt,

322 2274 461 2351 emunt,
479 2272 634 2349 mutant,
658 2273 786 2335 mutuo
814 2263 1001 2358 accipiunt
1028 2274 1066 2335 et
1094 2263 1195 2350 dant,
1226 2262 1363 2351 locant,

322 2376 565 2449 etlocandum
583 2387 744 2466 sumunt,
762 2388 805 2449 ut
823 2400 904 2472 quae
921 2375 1064 2448 faciunt
1081 2376 1203 2448 valida
1216 2375 1301 2448 sint.

370 2489 492 2584 Atque
512 2488 592 2561 haec
611 2488 656 2561 de
673 2488 827 2561 materia
843 2499 880 2560 et
898 2487 1153 2560 distributione
1171 2487 1366 2560 alimento-

322 2626 404 2674 rum
423 2601 665 2697 publicorum,
683 2626 750 2697 pro
767 2600 925 2673 instituti
942 2600 1062 2696 operis
1080 2600 1241 2690 modulo,
1267 2600 1367 2674 dicta

323 2716 514 2789 sufficiant.

372 2829 440 2901 Per
475 2831 745 2901 concoctionem
774 2828 940 2924 intelligo
970 2829 1154 2900 bonorum
1187 2827 1364 2912 omnium,

323 2967 405 3039 quae
422 2967 497 3015 non
516 2942 613 3014 illico
639 2941 888 3014 consumenda
919 2953 1003 3013 sunt
1030 2942 1096 3013 sed
1114 2941 1366 3013 conservanda

322 3054 370 3127 ad
403 3055 618 3127 alimentum
652 3053 828 3143 futurum,
858 3053 1110 3126 reductionem
1146 3054 1193 3126 ad
1227 3052 1366 3149 aliquid

322 3167 433 3264 quod,
453 3192 536 3240 cum
555 3166 650 3238 tanti
664 3167 810 3261 quidem
823 3167 881 3253 sit,
893 3168 1036 3240 facilius
1047 3193 1070 3239 a
1082 3167 1164 3239 loco
1176 3167 1225 3238 ad
1242 3166 1365 3239 locum

322 3281 512 3354 transferri
528 3279 665 3376 possit;
693 3302 738 3350 ne
763 3280 897 3351 civium
927 3290 1048 3352 motus
1077 3278 1365 3352 necessariarum

321 3418 444 3467 rerum
478 3394 640 3490 pondere
672 3393 903 3489 impediatur,
935 3404 1049 3488 utque
1080 3393 1248 3465 inomni
1282 3392 1365 3465 loco

321 3507 496 3579 alimenta
523 3505 612 3580 civis
639 3506 887 3601 unusquisque
914 3506 1048 3578 habeat
1079 3505 1124 3578 de
1148 3529 1227 3577 suo.
1281 3506 1366 3578 Hoc

321 3633 445 3693 autem
475 3630 650 3716 praestare
684 3619 775 3691 nihil
799 3630 931 3714 potest,
960 3630 1095 3714 praeter
1128 3643 1174 3691 ex
1201 3643 1291 3691 auro
1327 3631 1366 3692 et

321 3744 475 3827 argento
494 3745 691 3805 monetam.
744 3732 935 3827 Contingit
952 3731 1050 3804 enim
1067 3754 1132 3826 per
1150 3742 1271 3803 totum
1288 3731 1365 3803 fere

322 3857 503 3919 terrarum
515 3845 653 3932 orbem,
673 3845 746 3917 duo
765 3846 857 3930 haec,
876 3868 1006 3916 aurum
1020 3857 1057 3917 et
1068 3855 1275 3940 argentum,
1290 3867 1365 3915 non

323 3960 431 4032 modo
447 3981 588 4032 summe
602 3957 774 4029 aestimari
787 3969 940 4053 propter
952 3958 1147 4030 materiam
1160 3957 1289 4052 ipsam,
1301 3956 1366 4029 sed

323 4097 401 4146 esse
416 4073 527 4145 etiam
545 4071 728 4143 bonorum
742 4082 959 4142 caeterorum
976 4071 1140 4142 omnium
1154 4092 1365 4142 mensuram

323 4185 664 4258 commodissimam.
717 4183 820 4256 lutra
853 4183 969 4278 ipsam
999 4185 1146 4279 quidem
1177 4183 1365 4256 civitatem

324 4311 471 4372 moneta
488 4300 737 4394 cujuscunque
755 4297 929 4386 materiae,
957 4298 1066 4371 modo
1084 4301 1189 4393 signo
1216 4296 1365 4393 publico
