2926 4980
328 330 401 397 462
578 344 633 398 nn
653 347 796 400 anano
814 348 1118 404 reuersurum.

114 530 298 587 crnxuv.
327 512 493 587 uiderint
510 538 665 613 regnam
692 517 768 590 Dei
793 518 832 591 iu
849 518 999 592 uirtute.
1051 518 1148 593 Nam
1165 519 1199 593 si
1214 542 1375 618 regnum

127 613 285 725 Μ
326 626 394 699 Dei
419 638 615 702 venturum
645 641 723 703 erat
750 629 790 703 in
816 631 1085 705 resurrectione
1115 632 1272 729 Christi,
1306 659 1375 709 cur

126 744 291 867 ‘qm
326 739 430 830 dixit,
441 765 569 816 eorum
579 742 713 840 aliqui,
724 744 846 839 potins
860 769 970 841 quam
984 770 1106 818 omues
1118 746 1158 818 id
1169 746 1372 822 videbuntt

125 873 303 950 nummu·
324 851 496 928 vixerunt
511 857 610 929 enim
625 868 709 953 post
726 857 863 930 Christi
884 859 1187 932 resurrectionem
1204 885 1347 935 omues.

126 938 297 997 mm
375 967 448 1041 Sed
465 969 512 1042 ad
531 969 813 1066 explicationem
830 968 938 1065 hujus
955 969 1027 1043 loci
1041 994 1115 1043 non
1128 996 1262 1067 parurn
1280 998 1372 1047 cou-

323 1079 447 1155 ferunt
464 1083 576 1157 verba
603 1081 807 1156 Servatoris
835 1083 952 1156 nostri
978 1083 1024 1156 de
1042 1084 1179 1158 Sancto
1194 1086 1372 1162 iohanne

323 1193 371 1267 ad
399 1195 576 1268 Sanctum
604 1196 752 1268 Petram
776 1195 924 1289 (Johan.
939 1195 1012 1269 xxi.
1031 1204 1093 1286 22,
1110 1200 1193 1291 23):
1220 1198 1259 1271 si
1286 1225 1370 1275 mm

322 1306 404 1379 oola
435 1331 584 1379 manere
614 1307 730 1381 donec
760 1308 914 1397 veniam,
933 1308 1029 1405 quicl
1052 1310 1108 1383 ad
1127 1314 1201 1384 tc?
1252 1312 1370 1389 Eaiit

322 1444 416 1519 crgo
433 1444 554 1493 sermo
574 1420 646 1493 iste
663 1421 761 1493 inter
765 1421 939 1518 fratres,
956 1422 1046 1519 quia
1071 1422 1283 1522 discipulae
1301 1427 1369 1501 ille

322 1558 392 1606 nau
409 1534 578 1608 moritur.
617 1535 745 1607 Sermo
761 1546 884 1608 autem
898 1535 959 1609 ille
972 1560 995 1608 a
1011 1537 1155 1610 nemine
1169 1540 1368 1613 confirma-

321 1659 527 1742 tusaeque
555 1647 747 1737 refutatus,
772 1647 837 1721 sed
866 1648 1014 1722 relictus
1043 1663 1111 1739 est,
1125 1664 1170 1724 'ut
1195 1652 1260 1749 qui
1289 1678 1367 1727 non

321 1760 598 1856 intelligeretur.
649 1760 912 1851 Veruntamen,
940 1762 970 1835 si
998 1785 1145 1837 sensum
1169 1763 1267 1837 illius
1293 1766 1367 1840 loci

320 1875 502 1970 conjicere
518 1875 628 1948 liceat
644 1898 689 1948 ex
706 1899 750 1948 eo
774 1875 874 1971 quod
896 1875 1108 1949 immediate
1125 1877 1294 1973 sequitur
1310 1879 1367 1952 lo-

320 2013 405 2062 cum
422 1988 576 2062 similem
595 1989 720 2062 Sancti
738 1990 859 2073 Lucae,
877 1989 1071 2062 verisimile
1094 2004 1152 2063 est
1167 1992 1284 2064 verba
1301 1992 1366 2067 illa

321 2103 421 2176 dicta
447 2126 524 2176 esse
548 2101 594 2175 de
617 2102 754 2175 Christi
770 2102 1106 2198 transfiguratione,
1124 2126 1206 2199 quae
1224 2103 1365 2179 descri-

319 2218 421 2292 bitur
442 2219 481 2290 in
501 2217 666 2290 versibus
691 2216 901 2291 immediate
925 2218 1162 2314 sequentibus
1187 2219 1294 2312 (Luc.
1313 2221 1363 2294 ix.

319 2331 478 2424 28-31):
505 2329 662 2403 Factum
683 2339 741 2402 est
768 2339 892 2403 autem
909 2339 1002 2428 post
1027 2330 1106 2402 leae
1132 2330 1249 2404 uerba
1262 2333 1364 2429 fere

318 2445 402 2518 dies
420 2454 501 2517 octo
519 2454 556 2517 et
570 2443 772 2541 assumpsit
786 2443 951 2533 Petrum,
965 2442 1156 2532 lucabum,
1170 2454 1209 2517 et
1220 2445 1363 2520 ‹lalan-

318 2583 411 2647 uem,
429 2567 467 2630 et
485 2555 657 2629 ascendit
687 2555 725 2627 iu
753 2566 906 2629 mantem
934 2566 975 2629 ut
1000 2566 1131 2629 oraret
1144 2584 1158 2630 .·
1184 2568 1223 2630 et
1235 2558 1363 2655 facta

320 2681 391 2759 est,
420 2670 504 2744 dum
531 2677 674 2756 oraret,
701 2668 848 2765 species
881 2667 1002 2741 uultus
1033 2670 1114 2764 ejus
1152 2668 1291 2760 altera
1323 2684 1362 2746 et

318 2784 473 2857 uestitus
491 2783 572 2877 ejus
589 2779 698 2852 allus
721 2789 759 2852 et
777 2780 975 2878 refulgens
987 2809 1001 2853 .·
1027 2791 1179 2871 sterce,
1194 2784 1268 2855 dua
1286 2785 1361 2856 oiri

318 2894 564 2993 loquebantur
579 2919 658 2966 cum
676 2892 742 2965 illo
749 2921 763 2977 ;
782 2901 892 2966 aaut
907 2903 1029 2966 autem
1038 2893 1167 2966 Moses
1181 2906 1220 2968 et
1231 2895 1359 2986 Elias,

316 3010 388 3082 aisi
405 3009 443 3081 in
456 3009 665 3102 majestate.
692 3005 873 3079 Viderunt
886 3031 973 3102 ergo
987 3007 1175 3081 Christum
1189 3008 1228 3081 in
1242 3011 1361 3106 gloria

317 3135 355 3195 et
373 3124 576 3218 majestate,
589 3120 895 3215 quemadmodum
912 3132 1089 3193 venturus
1107 3134 1175 3195 est.
1219 3123 1359 3197 Eadem

316 3236 470 3310 historia
496 3233 605 3307 etiam
631 3258 654 3306 a
681 3234 717 3305 S.
733 3233 911 3306 Matthaeo
929 3233 1029 3324 (xvii.
1052 3234 1129 3326 1-6)
1158 3236 1356 3310 recitatur:

315 3348 371 3422 Et
390 3358 482 3445 past
508 3346 591 3419 dies
611 3370 679 3418 sen
698 3346 854 3418 assumit
871 3345 985 3417 lesus
1005 3346 1170 3435 Petrum,
1188 3358 1227 3420 et
1243 3348 1357 3424 ‹laca-

313 3460 408 3546 bum,
426 3471 464 3533 et
481 3458 698 3547 lohannem,
717 3468 813 3532 etc„-
839 3458 903 3529 ubi
926 3458 1084 3554 apostoli
1110 3459 1164 3531 illi
1182 3459 1358 3537 dicuntur

316 3575 483 3648 timuisse
499 3572 621 3646 valde.
673 3572 797 3668 Atque
820 3571 892 3644 hoc
917 3571 1027 3644 modo
1045 3573 1269 3668 completum
1286 3589 1356 3668 est,

314 3712 447 3784 nempe
463 3709 530 3782 per
556 3685 705 3758 modum
722 3683 886 3772 cisionis,
906 3683 1005 3779 quod
1029 3684 1193 3758 Christus
1219 3691 1356 3783 promi·

313 3812 424 3874 serat.
478 3799 602 3871 Fuisse
629 3797 726 3869 enim
753 3797 940 3887 visionem,
957 3797 1083 3870 inferri
1109 3810 1230 3893 potest
1248 3825 1293 3874 ex
1311 3827 1354 3878 eo

315 3915 414 4011 quod
442 3914 532 3987 dicit
563 3914 679 3985 Lucas
700 3912 763 4002 (ix.
784 3915 862 4005 32),
888 3935 1029 4006 nempe,
1048 3913 1197 3985 Petrum
1222 3927 1260 3988 et
1290 3919 1353 4014 qni

313 4053 397 4101 cum
416 4052 459 4100 eo
478 4039 594 4113 erant,
611 4033 781 4121 gravatos
799 4048 877 4096 esse
895 4047 1045 4095 somno:
1063 4037 1159 4097 etex
1173 4025 1353 4104 Matthaeo

316 4141 417 4231 (xvii.
441 4140 496 4232 9),
527 4138 588 4210 ubi
619 4135 794 4232 praecepit
821 4137 874 4208 eis
902 4137 1021 4224 Jesus,
1054 4136 1190 4226 dicenS,
1218 4143 1354 4217 nemini

312 4252 492 4326 &seritis
509 4250 694 4322 visionem.
747 4248 966 4343 Quicunque
988 4261 1108 4321 autem
1127 4250 1198 4324 loci
1214 4276 1238 4326 a
1255 4255 1352 4331 Beza
