2926 4980
501 396 554 448 nn
574 395 783 448 crvmnrn.
1095 378 1163 458 147

119 563 282 639 Quod
251 587 284 636 ει
300 564 568 638 successionem
594 562 682 637 dare
707 573 830 660 potest
859 562 951 636 alius
976 584 1098 651 nemo,
1119 562 1163 652 is,
1190 597 1267 648 ω
1278 594 1353 648 χιχ

120 677 420 773 quipotestatem
432 689 520 750 anta
534 676 673 765 habuit,
685 676 845 749 retinere
863 686 901 749 et
917 679 1346 749 successorem'*
1178 752 1230 803 De
1220 750 1293 793 Μ

120 812 231 864 suum
249 789 384 920 eligere
401 801 534 887 potest,
552 790 665 863 immo
684 789 806 878 debet,
823 812 883 877 ne,
901 790 1226 924 contralegemicm
1189 816 1288 859 natm
1267 824 1337 872 aper

122 916 280 994 naturae,
298 905 397 978 cives
413 904 500 977 fidei
516 927 591 977 snae
603 904 814 977 commissos
827 903 973 975 deserta
981 887 1226 998 potestate
1175 946 1271 1053 ,Tul
1227 879 1340 1053 Ἓέ

123 1040 267 1090 summa
292 1017 332 1090 in
362 1017 611 1092 conditionem
635 1028 779 1090 naturae
808 1015 1014 1088 relabentes
1041 1016 1232 1119 periressm

122 1129 299 1227 patiatur.

175 1243 359 1334 Secundo,
370 1268 435 1317 rex
452 1245 588 1318 electus
603 1243 652 1316 ad
663 1255 884 1339 potestatem
899 1242 1162 1339 praescriptam,

122 1357 482 1454 praescribentesive
498 1356 653 1430 ishomo
663 1356 710 1429 sit
723 1355 800 1428 sive
811 1368 939 1444 coenrs,
950 1356 1071 1428 minor
1085 1367 1163 1441 est;
1186 1422 1190 1430 .

124 1483 162 1544 et
178 1470 334 1567 proinde
346 1494 423 1545 non
436 1482 493 1544 est
502 1494 676 1544 sammua.
728 1471 952 1543 Potestatem
966 1494 1055 1566 ergo
1069 1493 1166 1543 sum·

123 1608 224 1657 mam
233 1583 386 1657 habenti
398 1584 459 1679 jus
472 1583 691 1657 successoris
704 1583 865 1679 eligendi
881 1607 1025 1680 semper
1037 1584 1163 1657 haeret.

124 1695 927 1794 Regiminisautemejusformanonproprie
940 1696 1163 1784 monarchia,

123 1811 190 1884 sed
205 1810 265 1884 vel
281 1809 508 1883 democratia
523 1810 582 1882 vel
598 1809 828 1883 aristocratia
844 1820 912 1883 est.

174 1923 335 2019 Populus
353 1925 540 1997 &manus
553 1923 689 1996 victam
704 1924 876 2020 Pompeio
887 1925 980 1996 duce
996 1924 1018 1996 J
1022 1922 1164 1996 udaeam

123 2037 232 2111 rexit.
284 2037 584 2134 Regiminisergo
597 2037 1015 2111 Judaeorumformasub
1029 2037 1165 2133 populo

124 2150 309 2239 Romano,
327 2173 400 2246 quo
430 2149 579 2223 nomine
607 2148 879 2246 appellabitur?
931 2150 1166 2223 Democratia

122 2286 203 2336 non
227 2272 317 2352 erat,
333 2286 453 2358 neque
469 2262 712 2350 aristocratia,
730 2262 816 2357 quia
838 2285 914 2335 non
931 2263 1126 2358 regebatur
1143 2288 1165 2335 a

124 2389 227 2449 ooetu
243 2375 434 2449 hominum
446 2376 468 2448 J
471 2375 671 2449 udaeorum.
724 2375 824 2450 auid
842 2399 943 2472 ergo,
955 2400 1003 2449 an
1020 2399 1166 2450 monar-

125 2490 213 2564 chia
228 2502 321 2576 erat‚
338 2515 423 2563 cum
440 2513 583 2562 summa
592 2499 755 2586 potestas
772 2514 846 2563 non
858 2490 897 2562 in
913 2490 1062 2563 homine
1078 2514 1165 2576 uno,

127 2602 192 2676 sed
209 2604 249 2675 in
266 2615 368 2674 coetu
385 2603 553 2676 Romano
571 2600 775 2675 resideret?
819 2602 986 2677 Quidni?
1038 2605 1166 2701 Populi

128 2712 286 2788 Romani
302 2738 512 2811 quanquam
526 2738 670 2787 summa
684 2726 848 2811 potestas
865 2715 906 2788 in
923 2716 1020 2789 cives
1032 2719 1166 2791 Romo-

127 2851 196 2900 uos
226 2827 455 2900 aristocratia
488 2839 569 2900 erat
598 2827 658 2900 vel
683 2827 919 2917 democratia,
953 2829 993 2902 in
1017 2830 1039 2902 J
1044 2830 1166 2905 udaeos

128 2954 254 3014 tamen
277 2940 490 3013 monarchia
515 2951 605 3013 erat.
657 2941 748 3013 Tam
766 2941 862 3014 enim
882 2941 1041 3016 civitatis
1058 2945 1166 3018 unius

127 3053 168 3126 in
182 3053 349 3126 civitates
374 3053 510 3148 plures,
537 3055 769 3149 quamunitas
793 3054 951 3129 hominis
975 3055 1014 3129 in
1043 3058 1167 3155 plures

128 3165 295 3239 homines
313 3164 507 3260 imperium
522 3165 738 3238 monarchia
754 3179 822 3240 est.

181 3278 420 3374 Quaecnnqne
446 3278 605 3351 civitatis
625 3278 744 3352 forma
761 3291 829 3370 est,
848 3282 1013 3370 materia,
1032 3282 1070 3355 id
1096 3297 1164 3369 est,

128 3391 306 3481 homines,
325 3392 491 3465 mortalis
509 3403 576 3465 est.
628 3392 724 3465 Nam
746 3393 923 3482 homines,
938 3405 1017 3467 tum
1034 3396 1167 3491 singuli

127 3518 211 3578 tum
237 3518 353 3579 eoetus
381 3504 529 3602 integri,
557 3505 666 3579 morti
690 3506 847 3601 subjecti
878 3518 974 3581 sunt.
1026 3509 1167 3606 Itaque,

129 3617 438 3714 quemadmodum
462 3617 511 3690 ad
527 3618 687 3692 civitatis
712 3619 1014 3695 constitutionem
1041 3645 1167 3695 neces-

130 3731 246 3804 sarius
256 3741 336 3804 erat
348 3729 568 3825 artificialis
585 3731 701 3821 homo,
719 3732 773 3804 ita
783 3733 894 3806 etiam
910 3734 958 3807 ad
975 3757 1168 3809 conservo-

130 3845 268 3918 tionem
279 3843 438 3917 civitatis
449 3845 654 3917 necessaria
665 3855 745 3916 erat
756 3845 975 3939 orificiolis
986 3848 1076 3938 cito,
1090 3849 1167 3921 sine

131 3981 206 4053 qua
220 3968 303 4053 post
327 3966 474 4029 atatem
496 3980 608 4028 unam
626 3957 804 4029 moriente
822 3959 1022 4032 monarcha
1039 3960 1167 4034 civitas

132 4070 249 4144 omnis
266 4069 446 4143 interiret.
498 4069 584 4142 Vita
597 4080 719 4142 antem
730 4070 810 4143 haec
823 4071 1023 4145 artificialis
1040 4097 1084 4148 ea
1101 4087 1168 4164 est,

132 4205 240 4278 quam
256 4193 393 4256 vocant
406 4183 466 4277 jus
483 4183 734 4256 successionis

183 4296 350 4370 Perfecta
365 4296 523 4369 civitatis
539 4295 659 4370 forma
675 4321 841 4371 essenon
859 4311 992 4396 potest,
1006 4302 1070 4374 ubi
1087 4325 1169 4375 suc-

998 4436 1054 4491 ta

1197 1077 1375 1132 mmmm.
