2926 4980
522 373 576 424 nu
596 371 800 425 crvrunuu.
1100 357 1173 423 249

141 542 268 613 borem
283 538 525 634 compellendi
539 552 647 623 sunt;
667 551 704 612 et
717 563 764 612 ne
777 563 815 613 se
830 548 1005 612 excusent
1018 536 1174 610 dicendo
1199 571 1277 620 exp,
1290 570 1377 619 xxx,

139 675 240 726 nemo
268 653 457 740 conducit,
484 653 645 726 ferendae
675 665 762 725 sunt
785 653 884 748 leges
912 651 1043 749 quibus
1073 651 1174 724 novi-
1188 653 1369 759 „effi

139 765 261 861 gandi,
280 765 529 860 agricultura,
545 765 753 861 piscaturae,
767 765 921 860 aliaeque
938 777 1036 838 artes
1049 787 1176 837 omnes
1186 780 1359 838 miimremtis

141 903 221 973 quae
246 879 408 951 laborem
433 880 633 975 postulant,
656 879 860 952 foveantur.
914 879 954 951 Si
976 890 1101 952 tamen
1120 877 1177 950 in-

141 991 309 1086 digorum
327 991 500 1064 continuo
519 1004 661 1064 crescat
686 1015 871 1078 numerus
894 992 933 1063 in
950 1002 1066 1065 terras
1084 1014 1177 1064 non-

142 1103 229 1175 dum
250 1103 337 1175 satis
367 1103 589 1176 inhabitatas
616 1104 861 1177 transferendi
887 1115 995 1188 sunt;
1022 1128 1097 1177 non
1122 1115 1177 1177 ta·

141 1240 226 1289 men
244 1228 286 1288 ut
302 1216 440 1288 incolas
457 1229 599 1289 veteres
617 1217 915 1306 exterminarent,
934 1217 999 1290 sed
1016 1217 1176 1314 compel-

138 1330 260 1402 lerent
276 1329 314 1401 in
341 1329 606 1402 habitationem
631 1329 839 1419 arctiorem,
866 1354 912 1402 ne
938 1353 1073 1426 magna
1098 1331 1177 1426 agri

143 1442 260 1538 spatia
276 1453 531 1538 percurrentes
555 1468 578 1514 a
600 1443 780 1515 fructibus
805 1454 935 1538 sponte
959 1444 1054 1516 natis
1080 1443 1178 1516 vive·

142 1566 235 1642 rent,
263 1554 327 1626 sed
356 1555 530 1626 alimenta
556 1579 579 1626 a
605 1555 756 1650 singulis
782 1555 907 1651 agellis
932 1555 1034 1628 cultu
1051 1555 1178 1629 sedulo

142 1667 391 1762 impetrarent.
445 1668 483 1740 Si
498 1668 644 1764 quando
656 1680 779 1741 autem
792 1668 974 1741 alimentis
988 1669 1178 1742 hominum

142 1790 241 1853 terra
258 1804 332 1851 non
351 1781 545 1869 sufficeret,
559 1780 761 1853 remedium
774 1780 945 1853 ultimum
956 1805 978 1852 a
989 1783 1085 1855 bello
1097 1783 1178 1873 erit,

144 1893 312 1966 omnibus
330 1894 387 1965 vel
404 1894 559 1966 victoria
575 1894 633 1966 vel
649 1905 768 1966 morte
786 1895 994 1967 suffecturo.

192 2007 252 2079 Ad
270 2030 395 2079 curam
419 2008 528 2079 etiam
551 2009 683 2080 summi
710 2007 923 2103 imperantis
945 2008 1118 2103 pertinet,
1136 2019 1178 2081 ut

143 2121 250 2193 bonae
268 2120 358 2191 fiant
379 2120 488 2214 leges.
533 2121 606 2193 Sed
622 2121 682 2194 lex
700 2121 796 2193 bona
813 2143 981 2215 quaenam
998 2120 1073 2194 est?
1110 2121 1179 2194 Per

143 2233 277 2305 bonam
291 2232 409 2329 legem
426 2233 604 2329 intelligo,
623 2258 697 2306 non
712 2233 830 2330 legem
845 2236 994 2329 justam.
1038 2235 1181 2330 Injusta

144 2346 242 2419 enim
260 2369 334 2417 non
351 2356 473 2440 potest
490 2369 567 2418 esse
581 2347 655 2430 lex;
674 2356 717 2417 ut
735 2369 817 2441 quae
837 2347 881 2417 fit
894 2346 1180 2442 uniuscujusque

146 2459 234 2532 civis
245 2483 425 2531 consensu
436 2459 474 2531 iu
487 2460 658 2556 seipsum.
686 2460 761 2530 Lex
774 2460 938 2531 bonaest
951 2459 1025 2548 illa,
1040 2459 1181 2555 quaead

145 2573 298 2645 salutem
314 2573 440 2668 populi
457 2574 673 2645 necessaria
688 2584 754 2662 est,
773 2583 810 2644 et
828 2572 1163 2671 simulperspicua.

194 2685 292 2757 Finis
309 2685 406 2756 enim
431 2685 553 2781 legum
570 2686 601 2757 is
618 2709 691 2757 non
712 2696 779 2773 est,
802 2695 846 2756 ut
861 2686 1037 2780 populum
1054 2685 1099 2757 ab
1125 2686 1181 2758 in-

145 2798 254 2869 noxia
269 2798 438 2869 libertate
464 2798 691 2885 cohiberent,
718 2797 782 2869 sed
807 2820 854 2870 ne
879 2797 926 2869 ab
943 2797 1082 2894 impetu
1098 2823 1180 2894 pas-

146 2911 300 2999 sionum,
315 2911 532 2999 temeritate,
548 2922 585 2983 et
602 2910 758 2982 stultitia
769 2911 807 2982 in
821 2910 984 3006 pericula
996 2922 1033 2983 et
1047 2911 1182 2985 damna

146 3023 290 3096 sibimet
303 3023 390 3119 ipsis
404 3035 441 3095 et
455 3022 595 3095 civitati
608 3024 856 3105 incurrerent;
872 3023 1181 3119 quemadmodum

145 3138 225 3225 iriae,
243 3162 316 3210 non
333 3149 375 3209 ut
389 3137 588 3209 viatoribus
603 3137 863 3231 impedimento
879 3137 964 3226 sint,
979 3138 1181 3233 sepiuntur,

146 3250 211 3324 sed
241 3275 287 3323 ne
321 3274 405 3322 cum
435 3250 569 3346 injuria
604 3250 809 3322 concivium
844 3263 1181 3347 extravagarentur.

146 3365 221 3437 Lex
239 3365 362 3459 itaque
380 3387 461 3459 quae
478 3363 694 3435 necessaria
712 3387 786 3435 nou
803 3375 945 3436 estnec
962 3363 1053 3459 legis
1070 3365 1182 3436 finem

120 3461 298 3571 spectat,
324 3502 398 3549 non
425 3488 480 3548 est
505 3478 614 3548 bona.
668 3476 741 3548 Lex
768 3477 798 3548 si
824 3500 966 3549 summo
988 3477 1182 3573 imperanti

146 3591 244 3663 utilis
263 3589 322 3678 sit,
342 3590 410 3662 etsi
427 3589 633 3661 necessaria
648 3612 724 3660 non
741 3588 799 3677 sit,
816 3589 915 3661 bona
931 3599 1055 3661 tamen
1072 3588 1182 3661 alicui

146 3703 260 3776 videri
277 3713 411 3798 potest.
466 3701 540 3774 Sed
557 3725 631 3773 non
650 3712 705 3772 est
726 3699 788 3773 ita.
841 3701 984 3773 Bonum
1001 3700 1098 3773 enim
1114 3725 1183 3796 po-

146 3816 222 3912 puli
252 3829 289 3887 et
315 3816 393 3910 ejus
419 3815 481 3909 qui
508 3815 620 3887 habet
637 3837 814 3886 summam
831 3824 1060 3909 potestatem,
1079 3837 1182 3909 sepa-

146 3929 220 4000 rari
246 3953 269 4000 a
296 3952 335 4000 se
365 3928 521 4000 invicem
551 3951 626 4000 non
655 3938 819 4022 possunt.
872 3925 1043 4021 Princeps
1071 3927 1182 4012 enim,

147 4041 210 4137 qui
236 4039 392 4113 subditis
418 4039 560 4111 miseris
586 4037 754 4133 imperat,
773 4037 882 4110 miser
908 4050 986 4120 est;
1014 4049 1051 4110 et
1066 4062 1183 4134 popu-

146 4152 203 4225 lus
225 4152 354 4225 debilis
380 4164 446 4239 est,
473 4151 519 4224 ad
546 4175 635 4247 quos
663 4151 843 4247 regendos
869 4149 1020 4223 arbitrio
1046 4174 1111 4223 suo
1138 4150 1183 4239 ie,

148 4267 210 4361 qui
228 4290 405 4339 summam
429 4265 540 4339 habet
564 4276 796 4361 potestatem,
822 4265 1028 4337 nonhabet
1052 4276 1182 4360 poten-
