2926 4980
353 410 569 462 urrunnu<
589 409 645 460 An
665 409 922 461 uuvrrnnnu.
1089 392 1163 459 539

118 575 253 647 Verum
284 598 359 647 non
382 575 473 648 mihi
491 574 637 647 videtur
655 575 694 647 in
710 575 866 648 tantillis
883 575 1081 648 verborum
1107 599 1164 647 ar·

118 689 230 784 gutiis
248 689 384 761 versari
403 689 499 761 salus
522 689 723 761 hominum.
752 690 827 763 Qui
845 688 964 763 credit
980 690 1019 761 in
1036 689 1164 762 Jesum

120 803 321 890 Christum,
340 826 524 898 quemque
550 827 699 876 suorum
726 815 964 898 peccatorum
993 803 1163 900 poenitet,

119 916 207 1011 quin
223 917 265 1005 is,
281 917 348 988 etsi
365 917 560 1013 theologus
576 941 653 989 non
670 916 730 1001 sit,
744 917 943 990 salvandus
960 929 1085 990 tamen
1103 916 1163 1005 sit,

119 1029 239 1101 nullus
275 1030 430 1102 dubitat.
483 1030 613 1125 Neque
648 1053 785 1102 veroa
816 1030 985 1103 doctrina
1014 1029 1163 1103 discedo

120 1142 275 1237 symboli
294 1142 438 1232 Niceni,
457 1166 567 1238 quam
584 1142 692 1215 video
708 1166 728 1215 e
747 1144 860 1215 Sacra
878 1144 1070 1239 Scriptura
1087 1167 1164 1216 ma-

120 1255 352 1327 nifestissime
371 1255 574 1328 derivatam
587 1279 684 1339 esse;
703 1266 741 1328 et
750 1266 838 1346 tres,
851 1258 1008 1346 Patrem,
1019 1257 1163 1348 Filium,

44 1426 49 1434 .
121 1382 158 1442 et
189 1369 368 1465 Spiritum
393 1370 580 1458 Sanctum,
599 1393 715 1442 unum
733 1394 813 1443 esse
839 1370 973 1459 Deum,
991 1370 1102 1466 idque
1126 1370 1164 1443 in

120 1482 237 1555 tribus
255 1484 433 1578 personis
448 1496 596 1580 sumpta
613 1483 755 1556 scilicet
766 1508 939 1580 perrona
952 1484 990 1556 in
1008 1507 1075 1556 sua
1092 1484 1164 1580 sig-

120 1596 331 1670 nificatione
351 1622 439 1670 vera
457 1610 495 1670 et
521 1598 685 1694 propria,
704 1621 774 1694 pro
791 1622 835 1671 eo
854 1599 916 1693 qui
938 1608 1064 1694 partes
1081 1621 1166 1670 suas

120 1710 179 1781 vel
197 1709 347 1782 alterius
362 1710 450 1805 agit.
479 1712 662 1783 Caeterum
681 1711 712 1782 si
728 1735 801 1782 vox
811 1734 982 1808 persono
1000 1721 1166 1782 sumatur

122 1823 340 1918 simpliciter
373 1848 441 1919 pro
475 1824 683 1896 substantia
712 1823 941 1918 intelligente
975 1823 1164 1919 singulari,

121 1936 430 2032 quemadmodum
461 1937 618 2008 sumitur
648 1961 671 2008 a
701 1936 935 2023 Bellarmin0,
953 1948 997 2007 ut
1023 1937 1165 2027 Petrus,

122 2050 265 2137 Paulus,
277 2049 553 2136 Johannes,vel,
566 2049 666 2144 quod
676 2048 774 2120 idem
786 2058 854 2136 est,
866 2072 934 2143 pro
945 2048 1144 2145 hypostasi
1149 2077 1165 2132 ;

121 2162 306 2258 quomodo
325 2163 444 2250 Pater,
458 2162 583 2250 Filius,
599 2173 636 2234 et
655 2163 813 2258 Spiritus
826 2163 983 2235 Sanctus
998 2186 1073 2235 non
1091 2162 1166 2234 sint

120 2284 196 2345 tres
215 2273 428 2345 substantiae
447 2273 657 2362 individuae,
676 2273 715 2347 id
733 2285 800 2362 est,
818 2287 893 2347 tres
911 2298 1065 2346 numero
1083 2273 1165 2364 Dei,

121 2411 196 2459 non
211 2387 376 2482 intelligo
393 2419 402 2471 ;
429 2412 548 2484 neque
567 2388 751 2484 quomodo
770 2389 1001 2485 eScripturis
1019 2389 1167 2485 probari

121 2500 248 2595 possit,
260 2500 379 2588 video,
392 2501 455 2572 ubi
475 2525 593 2595 neque
609 2502 848 2597 hypostases,
862 2526 1167 2600 nequepersonoe

122 2613 160 2684 iu
186 2613 266 2686 Deo
285 2613 573 2709 distinguuntur.
627 2614 864 2688 Solummodo
890 2616 1063 2688 dicuntur
1087 2639 1165 2687 esse

122 2737 196 2798 tres
225 2726 287 2822 qui
318 2727 570 2801 testimonium
601 2729 797 2825 perhibent
832 2730 869 2801 in
898 2729 1003 2818 coe10,
1033 2752 1166 2825 nempe

123 2840 242 2928 Pater,
260 2840 384 2929 Filius,
403 2851 441 2913 et
459 2841 618 2937 Spiritus
645 2843 815 2931 Sanctus,
846 2855 884 2915 et
909 2855 985 2915 tres
1008 2842 1061 2914 illi
1088 2865 1166 2914 esse

122 2976 249 3025 unum.
303 2954 381 3042 Illa,
401 2979 484 3050 quae
510 2956 636 3027 Patres
665 2954 794 3028 dicunt
815 2971 919 3028 extra
937 2956 1167 3051 Scripturam

124 3062 275 3139 Sacram
292 3069 330 3139 in
349 3068 423 3140 suis
439 3068 525 3140 fidei
543 3068 849 3165 explicationibus
867 3069 1164 3165 particularibus

124 3180 353 3255 Christianos
367 3206 443 3256 non
457 3183 632 3279 ohligant,
648 3207 804 3278 quorum
822 3184 1072 3279 unusquisque
1091 3206 1167 3255 non

123 3294 243 3367 alieno
271 3296 447 3391 pericu10,
468 3296 533 3370 sed
556 3321 623 3370 suo
649 3309 687 3370 et
713 3321 868 3385 summo,
887 3296 1045 3369 salutem
1063 3320 1166 3367 suam

124 3409 162 3479 in
184 3409 381 3506 Scripturis
401 3405 523 3484 Sacris
541 3412 697 3484 scrutari
716 3412 836 3484 debet.
888 3412 1050 3483 Transeo
1068 3433 1168 3482 nunc

124 3522 172 3594 ad
189 3523 270 3594 alia.

536 3683 729 3692 -—-—-—-——

535 3698 731 3711 —

527 3837 688 3910 CAPUT
714 3837 762 3910 ΙΙ.

535 3988 581 4036 DE
600 3987 753 4036 HAERllSI.

174 4089 222 4159 ,4.
253 4087 368 4161 QUID
389 4102 446 4160 est
463 4089 651 4162 haeresis?

175 4203 224 4274 B.
251 4203 333 4274 Vox
352 4203 480 4276 Graeca
502 4214 569 4290 est,
587 4204 799 4306 significaris
820 4205 1072 4298 cujuscunque
1089 4227 1166 4276 sec-

125 4329 174 4388 tae
193 4315 338 4411 dogma.

176 4427 223 4501 Α.
252 4426 353 4501 Quid
372 4437 426 4498 est
443 4433 585 4500 secta?

1219 610 1295 658 CAP.
1309 607 1331 656 l.

1203 691 1343 724 ἡ...

1207 755 1242 798 De
1256 751 1356 811 symbolo

1206 820 1298 863 Niceno.
