2926 4980
498 383 551 435 nn
571 382 774 435 c1v1rnru.
1091 364 1157 429 195

119 549 244 622 vocari
263 550 467 638 cousuevit,
481 549 673 623 consilium
691 561 832 621 rectum
847 572 893 619 ne
917 546 1060 642 sapiens
1079 547 1160 642 qui·
1185 579 1261 628 cip,
1275 580 1359 629 xxv,

121 663 207 737 dem
224 662 312 735 dare
330 663 458 758 possit.
1201 659 1343 766 ὦ

172 776 328 864 Quinto,
354 776 575 865 monarchae,
604 777 664 848 cui
692 774 887 847 consiliarii
908 784 1005 863 sunt,
1033 773 1160 846 audire

123 889 206 963 illos
232 890 347 962 satius
375 902 431 963 est
457 890 608 963 seorsim
643 911 950 984 unumquemque,
982 911 1092 983 quam
1123 887 1161 959 in

122 1013 225 1076 coetu
250 1016 417 1077 cunctos.
481 1004 578 1076 Nam
605 1003 755 1075 seorsim
781 1000 943 1095 singulos
968 1001 1161 1089 audiend0,

124 1116 319 1189 consilium
329 1117 527 1189 multorum
541 1117 666 1199 habet;
686 1126 821 1187 coetum
835 1125 957 1185 autem
968 1113 1162 1202 audiend0,

125 1229 234 1301 unius
251 1241 408 1303 tantum.
462 1230 588 1302 Coetus
606 1230 703 1301 enim
719 1252 876 1324 persona
893 1251 966 1299 una
977 1238 1044 1314 est,
1059 1230 1162 1322 cujus

126 1342 292 1414 membra
308 1367 382 1416 non
402 1366 447 1416 ex
464 1367 530 1416 suo
548 1343 709 1438 ipsorum
727 1365 847 1428 sensu,
866 1341 929 1413 sed
946 1365 990 1412 ex
1008 1340 1163 1413 aliorum

126 1453 348 1550 eloquentia,
360 1455 418 1527 vel
433 1456 610 1551 potentia,
628 1455 686 1527 vel
699 1454 858 1526 amicitia
872 1453 1091 1526 sententiam
1109 1453 1164 1525 di-

127 1581 229 1656 cunt,
248 1591 330 1641 eam
346 1568 555 1665 aliquando,
573 1593 619 1641 ne
646 1567 783 1664 ingenii
801 1568 897 1639 tardi
919 1591 997 1640 esse
1014 1567 1163 1639 videan-

128 1692 202 1767 tur,
220 1704 331 1775 quam
356 1705 429 1754 non
459 1681 681 1777 intelligunt.
734 1680 884 1752 Plurimi
911 1680 1020 1752 etiam
1038 1703 1164 1752 eorum

127 1793 323 1866 commodo
340 1817 406 1866 suo
418 1794 604 1889 publicum
617 1804 854 1890 postponunt.
907 1793 1028 1881 Quod,
1040 1794 1070 1866 si
1084 1818 1166 1867 sen-

127 1906 264 1978 tentias
281 1906 434 1979 seorsim
451 1906 528 1978 sine
545 1906 700 1979 testibus
718 1906 852 1995 dicant,
871 1906 990 1977 minus
1016 1907 1166 1978 noxium

127 2030 195 2091 est
249 2019 439 2092 Passiones
464 2020 561 2092 enim
579 2020 768 2092 hominum
785 2019 1024 2114 singularium
1041 2018 1167 2092 mode-

128 2131 284 2205 ratiores
296 2143 384 2204 sunt
393 2155 460 2227 per
473 2156 524 2221 se,
539 2156 649 2228 quam
663 2133 700 2204 in
715 2148 825 2220 coetu,
836 2133 926 2222 (non
936 2131 1043 2203 aliter
1058 2155 1167 2226 quam

128 2258 249 2318 torres
260 2244 368 2341 igniti
387 2245 557 2340 disjuncti
576 2269 684 2341 quarn
699 2245 854 2317 conferti
873 2245 991 2316 minus
1007 2243 1167 2336 ardent),

130 2357 196 2430 ubi
221 2381 259 2430 se
284 2381 548 2453 nonnunquam
569 2358 658 2429 flatu
684 2357 865 2429 rhetorico
889 2357 935 2428 ad
959 2356 1169 2429 incendium

130 2469 293 2544 civitatis
318 2481 446 2542 mutuo
473 2470 712 2542 inflammant.
765 2469 947 2541 Praeterea
972 2469 1170 2541 sententia-

130 2608 227 2673 rum,
245 2608 335 2680 quas
353 2583 481 2656 dicunt
502 2583 665 2672 seorsim,
679 2583 839 2655 rationes
863 2581 1005 2655 facilius
1033 2582 1169 2654 exami-

130 2711 281 2784 nantur,
300 2720 410 2793 quam
428 2696 466 2768 in
491 2708 602 2785 coetu,
630 2697 693 2768 ubi
722 2695 920 2768 multitudo
951 2709 989 2767 et
1012 2696 1168 2768 varietas

131 2811 342 2884 orationum
356 2809 541 2882 auditores
555 2820 700 2905 stupere
711 2809 833 2904 potius
844 2833 953 2904 quam
967 2809 1169 2904 intelligere

131 2922 287 2996 faciunt.
315 2921 492 2995 Nonnulli
505 2923 615 2995 etiam
629 2935 725 3008 sunt,
739 2921 812 3015 qui,
825 2944 908 2992 cnm
922 2935 1171 2994 convocantur

132 3035 183 3108 ad
200 3035 404 3123 consilium,
419 3034 597 3109 doctrinae
614 3048 678 3107 aut
695 3033 915 3128 eloquentiae
932 3034 1067 3106 famam
1085 3059 1171 3130 cap-

132 3147 467 3243 tantes,adeaquae
478 3147 726 3220 deliberantur
739 3147 1016 3242 impertinenter
1028 3147 1171 3230 dicunt;

135 3259 236 3356 quod
252 3261 289 3333 in
305 3260 457 3333 consilio
473 3260 581 3333 unius
596 3261 642 3333 ad
657 3284 771 3332 unum
787 3260 867 3331 fieri
881 3284 956 3332 non
969 3270 1102 3355 potest.
1130 3262 1174 3333 ln

136 3373 461 3447 deliberationibus
480 3373 636 3470 denique
651 3397 732 3469 quae
745 3373 901 3445 tacenda
919 3384 1015 3460 sunt,
1035 3396 1118 3444 cum
1136 3373 1174 3444 iu

135 3498 236 3560 ooetu
265 3485 457 3560 senteutiae
485 3485 657 3559 dicuntur
682 3486 814 3580 palam,
835 3484 1038 3581 periculum
1055 3499 1111 3558 est
1128 3509 1174 3556 ne

135 3598 304 3672 hostibus
316 3599 504 3694 patefiant.

188 3713 388 3799 Postremu,
418 3735 526 3783 nemo
554 3719 609 3783 est
637 3710 700 3805 qui
726 3711 764 3782 in
789 3711 897 3781 rebus
929 3710 1004 3782 suis
1025 3709 1176 3804 privatis

137 3824 430 3899 consiliariorum
455 3833 552 3896 coetu
577 3823 734 3895 libenter
754 3823 810 3894 uti
828 3822 948 3909 vellet,
968 3845 1177 3917 quanquam

138 3937 177 4010 id
194 3937 301 4010 facile
318 3948 452 4033 posset.
498 3936 536 4009 Si
554 3936 740 4008 dubitaret
753 3935 1012 4031 paterfamilias
1028 3935 1087 4006 cui
1098 3936 1177 4007 viro

138 4051 252 4125 filiam
271 4050 387 4138 daret,
414 4074 524 4146 quam
541 4072 692 4121 uxorem
709 4049 784 4120 filio
802 4057 972 4134 sumeret,
992 4046 1123 4142 quibus
1141 4060 1179 4119 et

137 4163 266 4260 quanti
284 4163 424 4237 locaret
443 4186 564 4259 agros,
579 4186 687 4258 quem
698 4185 940 4247 oeconomum,
960 4183 1068 4255 quem
1085 4160 1179 4232 villi-

142 4300 230 4350 cum
246 4276 316 4350 sibi
334 4275 484 4361 faceret,
501 4300 524 4348 a
549 4274 839 4348 consiliariorum
866 4288 967 4346 coetu
991 4296 1179 4368 nunquam

991 4408 1015 4457 0
1034 4412 1047 4457 a
