2926 4980
310 360 384 427 468
562 376 616 427 nn
635 374 778 429 naono
796 375 1101 431 rnnnnnanon.

112 543 384 639 cae.xt1v.filii
400 542 508 637 lajas
525 541 644 616 secra
661 542 811 633 arabant,
828 544 1082 619 ettrodoator
1098 546 1156 620 od
1171 547 1363 644 nuptiae:

116 654 271 758 „W
312 656 373 728 illi
390 680 489 745 vero,
514 656 579 754 qni
610 657 721 755 digni
751 656 982 732 habebuntur
1008 658 1135 732 seculo
1154 658 1228 732 illo
1242 669 1286 732 et
1302 684 1363 732 re-

113 780 265 855 nifinfflibua
311 769 545 842 surrectione
562 794 610 841 ee
627 771 795 861 mortaria,
813 796 932 868 raeque
955 771 1104 861 nubent,
1134 797 1264 870 oeque
1293 772 1363 846 dn·

114 844 294 983 &⁸321-
313 892 397 957 aeut
424 907 573 972 uxorea,
602 883 844 979 nequeenim
878 883 983 956 altro
1014 884 1109 957 mori
1137 896 1362 981 poterunt,-

115 973 285 1030 ΨΜ
312 996 475 1094 oeqrrolea
498 995 592 1067 enim
610 995 761 1092 nugalia
777 1006 875 1082 auat,
896 1006 934 1069 et
948 996 1032 1092 filii
1057 1006 1146 1070 sunt
1163 998 1260 1087 Dei,
1280 1022 1363 1072 cnm

310 1108 478 1202 airrtfilii
495 1107 797 1180 resurrectionis.
850 1108 893 1181 ln
912 1109 1043 1205 quibus
1052 1109 1175 1183 verbis
1187 1111 1362 1185 nomnda

309 1223 381 1295 tria
397 1233 495 1310 sunt,
513 1220 684 1318 primum,
702 1220 800 1316 quod
814 1232 959 1318 tempus
975 1246 1092 1319 nsque
1109 1222 1158 1295 ad
1185 1247 1362 1297 resurec-

310 1336 448 1409 tionem
465 1333 624 1431 appellat
634 1333 797 1406 seculum
810 1357 948 1417 unum;
966 1346 1109 1432 tempus
1123 1348 1254 1409 antem
1271 1352 1360 1434 post

309 1446 615 1520 resurrectionem
632 1447 793 1544 appellat
810 1448 972 1521 seculum
988 1449 1157 1522 alterum.
1213 1450 1359 1524 Secun-

310 1561 410 1648 dum,
423 1560 521 1655 quod
540 1560 734 1656 distinguit
751 1562 848 1634 inter
864 1562 959 1636 filios
972 1561 1100 1635 mundi
1117 1562 1242 1658 hujus,
1256 1574 1298 1637 et
1315 1565 1359 1636 fi-

308 1674 377 1747 lios
388 1672 515 1746 mnndi
527 1675 688 1758 venturi;
703 1699 747 1747 eo
759 1674 858 1770 qnod
867 1675 933 1748 filii
944 1675 1072 1749 mundi
1081 1674 1243 1764 venturi,
1255 1676 1356 1749 mori

309 1789 444 1861 iterum
455 1810 529 1859 non
545 1799 710 1882 possunt,
726 1788 881 1861 innuens
899 1788 1073 1885 reprobos
1087 1788 1224 1860 iterum
1241 1790 1358 1862 mori-

309 1913 413 1974 turos
431 1923 521 1973 esse.
564 1900 741 1984 Tertium,
769 1900 869 1996 qnod
884 1901 979 1974 filios
996 1901 1105 1997 hujus
1121 1901 1254 1974 mnndi
1273 1902 1358 1999 dig-

310 2038 378 2088 nos
401 2038 474 2087 non
488 2012 578 2085 dicit
595 2036 674 2085 esse
690 2013 958 2086 resurreetione
975 2037 998 2087 a
1014 2013 1180 2102 mortuis,
1193 2024 1233 2087 et
1251 2015 1358 2110 quod

310 2128 375 2202 filii
405 2127 473 2200 Dei
501 2125 585 2199 ideo
606 2125 764 2220 aequales
778 2138 886 2199 erunt
903 2126 1054 2222 angelis,
1078 2125 1166 2222 qnia
1181 2139 1271 2200 sunt
1289 2129 1359 2202 filii

309 2239 609 2322 resurrectionis3
627 2261 671 2310 ex
690 2262 763 2332 qno
780 2237 957 2333 seqnitur,
975 2239 1149 2336 reprobos
1167 2262 1357 2315 resurreo-
1391 2226 1397 2245 ‘

308 2365 411 2428 turos
433 2353 583 2426 omnino
599 2374 675 2424 non
693 2375 771 2424 esse
787 2363 1032 2447 praeterquam
1049 2352 1096 2426 ad
1118 2366 1279 2427 mortem
1298 2379 1358 2429 se-

311 2467 499 2549 cundem3
539 2465 604 2538 filii
638 2465 736 2538 enim
769 2466 1045 2539 resurrectionis
1078 2466 1146 2539 filii
1179 2467 1251 2540 Dei
1285 2470 1356 2542 soli

312 2593 408 2655 sunt.

361 2692 550 2766 Doctrinae
567 2691 652 2764 huic
676 2691 721 2764 de
747 2692 951 2765 animarum
971 2704 1220 2787 separatarum
1244 2705 1357 2770 aeter-

311 2806 427 2879 nitate
452 2805 611 2878 naturali
634 2806 911 2901 superstruitur,
936 2817 1091 2877 utente
1122 2805 1355 2900 dictumest,

312 2920 481 2992 doctrina
506 2921 722 3015 purgatorii.
789 2920 986 3015 Supposito
1017 2918 1128 3007 enim,
1151 2919 1250 3013 quod
1275 2922 1361 2996 vito

312 3045 451 3105 aeterna
465 3032 628 3106 fidelium
643 3033 803 3106 solorum
822 3034 881 3122 sit,
900 3045 938 3105 et
956 3032 1209 3128 pergratiam,
1227 3037 1356 3131 sequi-

312 3158 373 3218 tur
390 3146 664 3219 immortalitem
678 3147 815 3219 nullam
833 3170 912 3218 esse
930 3169 1037 3242 posse
1063 3158 1149 3217 ante
1166 3170 1356 3222 resurrec-

313 3260 464 3332 tionem.
516 3260 615 3332 Loea
633 3260 831 3355 Scripturae
849 3261 1047 3346 canonicae,
1075 3283 1157 3354 qnae
1173 3260 1267 3333 citat
1283 3286 1355 3358 pro

311 3371 525 3466 purgatorio
545 3371 797 3460 BellarminnS,
828 3384 914 3445 sunt
943 3372 1075 3468 primo,
1106 3372 1207 3468 quod
1231 3374 1355 3448 David

312 3507 378 3579 pro
401 3484 510 3556 Saulo
537 3497 575 3556 et
599 3485 809 3556 Jonathano
831 3485 1016 3580 jejunaret
1037 3486 1074 3576 (2
1096 3484 1194 3556 Sam.
1213 3485 1237 3557 i.
1261 3490 1352 3579 12):

313 3608 350 3668 et
367 3621 491 3669 rursus
512 3599 551 3686 (2
571 3598 668 3669 Sam.
694 3596 745 3669 iii.
773 3599 852 3689 35),
871 3597 971 3691 qnod
991 3598 1175 3694 jejunaret
1199 3612 1353 3695 propter

312 3724 467 3783 mortem
488 3711 636 3783 Abneri.
687 3710 874 3808 Jejnnium
903 3711 973 3783 hoo
1002 3710 1151 3783 Davidis
1178 3736 1245 3807 pro
1274 3716 1352 3790 fine

312 3824 481 3898 habuisse
499 3824 601 3911 dicit,
614 3825 752 3897 bonum
769 3824 917 3920 aliquod
931 3824 1002 3896 illis
1018 3836 1103 3919 post
1114 3836 1270 3898 mortem
1287 3851 1353 3901 eo-

312 3962 393 4009 rum
411 3963 433 4010 a
450 3940 528 4011 Deo
545 3937 825 4033 impetrandum.
868 3938 942 4010 Gur
960 3937 1108 4010 antem?
1140 3938 1248 4027 Quia,
1264 3964 1350 4014 enm

311 4076 379 4147 pro
408 4075 473 4123 suo
504 4050 617 4147 ipsius
642 4050 717 4122 filio
745 4063 948 4145 aegrotante
975 4051 1166 4147 jejunabat
1192 4053 1230 4143 (2
1250 4053 1349 4129 Sam.

312 4164 373 4252 xii,
398 4166 472 4253 16),
498 4178 690 4260 postquam
714 4162 894 4236 intellexit
923 4175 1108 4236 mortuum
1125 4163 1229 4238 illum
1257 4191 1348 4255 esse,

311 4276 434 4351 eibum
455 4278 618 4374 sumpsit.
671 4276 811 4350 Deinde
829 4276 951 4373 arguit
968 4277 1044 4361 sio;
1070 4279 1245 4374 quoniam
1270 4280 1350 4353 ani-
