<?xml version="1.0" encoding="UTF-8"?>
<!DOCTYPE html PUBLIC "-//W3C//DTD XHTML 1.0 Transitional//EN"
    "http://www.w3.org/TR/xhtml1/DTD/xhtml1-transitional.dtd">
<html xmlns="http://www.w3.org/1999/xhtml" xml:lang="en" lang="en">
 <head>
  <title>
</title>
<meta http-equiv="Content-Type" content="text/html;charset=utf-8" />
  <meta name='ocr-system' content='tesseract 3.04.00' />
  <meta name='ocr-capabilities' content='ocr_page ocr_carea ocr_par ocr_line ocrx_word'/>
</head>
<body>
  <div class='ocr_page' id='page_1' title='image "./thomhobbesmalme02hobbgoog_0188.png"; bbox 0 0 2926 4980; ppageno 0'>
   <div class='ocr_carea' id='block_1_1' title="bbox 494 354 1147 432">
    <p class='ocr_par' dir='ltr' id='par_1_1' title="bbox 494 354 1147 432">
     <span class='ocr_line' id='line_1_1' title="bbox 494 354 1147 432; baseline -0.006 -6"><span class='ocrx_word' id='word_1_1' title='bbox 494 377 548 428; x_wconf 81' lang='lat' dir='ltr'><strong>na</strong></span> <span class='ocrx_word' id='word_1_2' title='bbox 568 375 774 429; x_wconf 79' lang='lat' dir='ltr'><strong>orvrrnrn.</strong></span> <span class='ocrx_word' id='word_1_3' title='bbox 1079 354 1147 432; x_wconf 84' lang='lat'><strong>175</strong></span> 
     </span>
    </p>
   </div>
   <div class='ocr_carea' id='block_1_2' title="bbox 106 537 1349 4031">
    <p class='ocr_par' dir='ltr' id='par_1_2' title="bbox 106 537 1349 4031">
     <span class='ocr_line' id='line_1_2' title="bbox 107 537 1349 640; baseline -0.005 -25"><span class='ocrx_word' id='word_1_4' title='bbox 107 566 190 640; x_wconf 86' lang='lat' dir='ltr'><strong>quae</strong></span> <span class='ocrx_word' id='word_1_5' title='bbox 207 542 335 616; x_wconf 87' lang='lat' dir='ltr'><strong>omnia</strong></span> <span class='ocrx_word' id='word_1_6' title='bbox 357 542 501 616; x_wconf 88' lang='lat' dir='ltr'><strong>definiri</strong></span> <span class='ocrx_word' id='word_1_7' title='bbox 530 543 677 616; x_wconf 87' lang='lat' dir='ltr'><strong>debent.</strong></span> <span class='ocrx_word' id='word_1_8' title='bbox 730 540 1017 614; x_wconf 83' lang='lat' dir='ltr'><strong>Constituantur</strong></span> <span class='ocrx_word' id='word_1_9' title='bbox 1047 537 1146 610; x_wconf 92' lang='lat' dir='ltr'><strong>enim</strong></span> <span class='ocrx_word' id='word_1_10' title='bbox 1166 570 1244 620; x_wconf 54' lang='lat' dir='ltr'><strong>cap,</strong></span> <span class='ocrx_word' id='word_1_11' title='bbox 1259 569 1349 618; x_wconf 68' lang='grc' dir='ltr'><strong>χχιι,</strong></span> 
     </span>
     <span class='ocr_line' id='line_1_3' title="bbox 106 651 1331 767; baseline -0.007 -37"><span class='ocrx_word' id='word_1_12' title='bbox 106 656 306 752; x_wconf 84' lang='lat' dir='ltr'><strong>aliquando</strong></span> <span class='ocrx_word' id='word_1_13' title='bbox 324 656 372 729; x_wconf 90' lang='lat' dir='ltr'><strong>ad</strong></span> <span class='ocrx_word' id='word_1_14' title='bbox 389 655 586 753; x_wconf 88' lang='lat' dir='ltr'><strong>regendam</strong></span> <span class='ocrx_word' id='word_1_15' title='bbox 603 655 829 752; x_wconf 89' lang='lat' dir='ltr'><strong>provinciam</strong></span> <span class='ocrx_word' id='word_1_16' title='bbox 856 677 940 726; x_wconf 90' lang='lat' dir='ltr'><strong>oum</strong></span> <span class='ocrx_word' id='word_1_17' title='bbox 965 662 1147 748; x_wconf 84' lang='lat' dir='ltr'><strong>potestate</strong></span> <span class='ocrx_word' id='word_1_18' title='bbox 1176 651 1331 767; x_wconf 45' lang='lat' dir='ltr'>m</span> 
     </span>
     <span class='ocr_line' id='line_1_4' title="bbox 107 766 1332 864; baseline -0.007 -20"><span class='ocrx_word' id='word_1_19' title='bbox 107 771 224 844; x_wconf 80' lang='lat' dir='ltr'><strong>literis</strong></span> <span class='ocrx_word' id='word_1_20' title='bbox 241 781 404 841; x_wconf 79' lang='lat' dir='ltr'><strong>clvltatls</strong></span> <span class='ocrx_word' id='word_1_21' title='bbox 420 769 626 843; x_wconf 88' lang='lat' dir='ltr'><strong>terminata.</strong></span> <span class='ocrx_word' id='word_1_22' title='bbox 679 767 752 842; x_wconf 86' lang='lat' dir='ltr'><strong>Sed</strong></span> <span class='ocrx_word' id='word_1_23' title='bbox 768 766 1039 864; x_wconf 86' lang='lat' dir='ltr'><strong>provinciarum</strong></span> <span class='ocrx_word' id='word_1_24' title='bbox 1065 788 1148 861; x_wconf 86' lang='lat' dir='ltr'><strong>quae</strong></span> <span class='ocrx_word' id='word_1_25' title='bbox 1174 773 1332 819; x_wconf 76' lang='lat' dir='ltr'><strong>tibuseivium</strong></span> 
     </span>
     <span class='ocr_line' id='line_1_5' title="bbox 109 878 1148 978; baseline -0.006 -23"><span class='ocrx_word' id='word_1_26' title='bbox 109 909 132 957; x_wconf 90' lang='lat' dir='ltr'><strong>a</strong></span> <span class='ocrx_word' id='word_1_27' title='bbox 148 881 305 956; x_wconf 87' lang='lat' dir='ltr'><strong>coetibus</strong></span> <span class='ocrx_word' id='word_1_28' title='bbox 324 881 361 953; x_wconf 90' lang='lat' dir='ltr'><strong>in</strong></span> <span class='ocrx_word' id='word_1_29' title='bbox 379 881 459 977; x_wconf 91' lang='lat' dir='ltr'><strong>ipsa</strong></span> <span class='ocrx_word' id='word_1_30' title='bbox 474 881 663 978; x_wconf 86' lang='lat' dir='ltr'><strong>provincia</strong></span> <span class='ocrx_word' id='word_1_31' title='bbox 679 880 923 954; x_wconf 88' lang='lat' dir='ltr'><strong>residentibus</strong></span> <span class='ocrx_word' id='word_1_32' title='bbox 941 878 1148 974; x_wconf 82' lang='lat' dir='ltr'><strong>gubernan-</strong></span> 
     </span>
     <span class='ocr_line' id='line_1_6' title="bbox 110 992 1149 1092; baseline -0.007 -23"><span class='ocrx_word' id='word_1_33' title='bbox 110 1008 183 1087; x_wconf 86' lang='lat' dir='ltr'><strong>tur,</strong></span> <span class='ocrx_word' id='word_1_34' title='bbox 199 1019 320 1092; x_wconf 84' lang='lat' dir='ltr'><strong>pauca</strong></span> <span class='ocrx_word' id='word_1_35' title='bbox 336 1006 424 1067; x_wconf 89' lang='lat' dir='ltr'><strong>sunt</strong></span> <span class='ocrx_word' id='word_1_36' title='bbox 438 995 614 1091; x_wconf 82' lang='lat' dir='ltr'><strong>exempla.</strong></span> <span class='ocrx_word' id='word_1_37' title='bbox 667 992 825 1067; x_wconf 88' lang='lat' dir='ltr'><strong>Romani</strong></span> <span class='ocrx_word' id='word_1_38' title='bbox 842 992 1048 1089; x_wconf 87' lang='lat' dir='ltr'><strong>provincias</strong></span> <span class='ocrx_word' id='word_1_39' title='bbox 1066 1014 1149 1063; x_wconf 91' lang='lat' dir='ltr'><strong>suas</strong></span> 
     </span>
     <span class='ocr_line' id='line_1_7' title="bbox 109 1104 1149 1207; baseline -0.008 -23"><span class='ocrx_word' id='word_1_40' title='bbox 109 1108 339 1207; x_wconf 66' lang='lat' dir='ltr'><strong>praesidibus,</strong></span> <span class='ocrx_word' id='word_1_41' title='bbox 353 1107 584 1204; x_wconf 77' lang='lat' dir='ltr'><strong>praetoribuS,</strong></span> <span class='ocrx_word' id='word_1_42' title='bbox 597 1107 655 1180; x_wconf 90' lang='lat' dir='ltr'><strong>vel</strong></span> <span class='ocrx_word' id='word_1_43' title='bbox 665 1107 965 1204; x_wconf 84' lang='lat' dir='ltr'><strong>procuratoribus</strong></span> <span class='ocrx_word' id='word_1_44' title='bbox 976 1104 1149 1178; x_wconf 90' lang='lat' dir='ltr'><strong>adminis-</strong></span> 
     </span>
     <span class='ocr_line' id='line_1_8' title="bbox 109 1218 1151 1314; baseline -0.009 -16"><span class='ocrx_word' id='word_1_45' title='bbox 109 1233 327 1305; x_wconf 78' lang='lat' dir='ltr'><strong>traverunt3</strong></span> <span class='ocrx_word' id='word_1_46' title='bbox 344 1245 421 1294; x_wconf 93' lang='lat' dir='ltr'><strong>non</strong></span> <span class='ocrx_word' id='word_1_47' title='bbox 439 1222 607 1309; x_wconf 73' lang='lat' dir='ltr'><strong>arietibus,</strong></span> <span class='ocrx_word' id='word_1_48' title='bbox 626 1221 723 1294; x_wconf 88' lang='lat' dir='ltr'><strong>siout</strong></span> <span class='ocrx_word' id='word_1_49' title='bbox 736 1220 1059 1293; x_wconf 83' lang='lat' dir='ltr'><strong>administrabatur</strong></span> <span class='ocrx_word' id='word_1_50' title='bbox 1071 1218 1151 1314; x_wconf 90' lang='lat' dir='ltr'><strong>ipsa</strong></span> 
     </span>
     <span class='ocr_line' id='line_1_9' title="bbox 110 1332 1151 1431; baseline -0.007 -21"><span class='ocrx_word' id='word_1_51' title='bbox 110 1338 243 1411; x_wconf 85' lang='lat' dir='ltr'><strong>Roma.</strong></span> <span class='ocrx_word' id='word_1_52' title='bbox 271 1334 448 1409; x_wconf 86' lang='lat' dir='ltr'><strong>Similiter</strong></span> <span class='ocrx_word' id='word_1_53' title='bbox 458 1336 598 1408; x_wconf 81' lang='lat' dir='ltr'><strong>emissae</strong></span> <span class='ocrx_word' id='word_1_54' title='bbox 609 1335 657 1408; x_wconf 88' lang='lat' dir='ltr'><strong>ad</strong></span> <span class='ocrx_word' id='word_1_55' title='bbox 667 1333 870 1431; x_wconf 84' lang='lat' dir='ltr'><strong>Virginiam</strong></span> <span class='ocrx_word' id='word_1_56' title='bbox 881 1345 919 1406; x_wconf 90' lang='lat' dir='ltr'><strong>et</strong></span> <span class='ocrx_word' id='word_1_57' title='bbox 930 1332 1151 1406; x_wconf 89' lang='lat' dir='ltr'><strong>Bermudam</strong></span> 
     </span>
     <span class='ocr_line' id='line_1_10' title="bbox 109 1445 1152 1543; baseline -0.009 -18"><span class='ocrx_word' id='word_1_58' title='bbox 109 1448 280 1537; x_wconf 86' lang='lat' dir='ltr'><strong>coloniae‚</strong></span> <span class='ocrx_word' id='word_1_59' title='bbox 308 1472 517 1543; x_wconf 89' lang='lat' dir='ltr'><strong>quanquam</strong></span> <span class='ocrx_word' id='word_1_60' title='bbox 543 1472 685 1521; x_wconf 89' lang='lat' dir='ltr'><strong>summa</strong></span> <span class='ocrx_word' id='word_1_61' title='bbox 709 1458 872 1543; x_wconf 88' lang='lat' dir='ltr'><strong>potestas</strong></span> <span class='ocrx_word' id='word_1_62' title='bbox 898 1447 937 1519; x_wconf 91' lang='lat' dir='ltr'><strong>in</strong></span> <span class='ocrx_word' id='word_1_63' title='bbox 954 1445 1034 1519; x_wconf 90' lang='lat' dir='ltr'><strong>illas</strong></span> <span class='ocrx_word' id='word_1_64' title='bbox 1052 1468 1152 1518; x_wconf 89' lang='lat' dir='ltr'><strong>com-</strong></span> 
     </span>
     <span class='ocr_line' id='line_1_11' title="bbox 110 1557 1152 1650; baseline -0.009 -13"><span class='ocrx_word' id='word_1_65' title='bbox 110 1564 224 1637; x_wconf 89' lang='lat' dir='ltr'><strong>missa</strong></span> <span class='ocrx_word' id='word_1_66' title='bbox 240 1573 338 1634; x_wconf 88' lang='lat' dir='ltr'><strong>esset</strong></span> <span class='ocrx_word' id='word_1_67' title='bbox 355 1561 466 1633; x_wconf 86' lang='lat' dir='ltr'><strong>coetui</strong></span> <span class='ocrx_word' id='word_1_68' title='bbox 483 1559 782 1650; x_wconf 90' lang='lat' dir='ltr'><strong>Londiuensium,</strong></span> <span class='ocrx_word' id='word_1_69' title='bbox 801 1568 917 1632; x_wconf 90' lang='lat' dir='ltr'><strong>coetus</strong></span> <span class='ocrx_word' id='word_1_70' title='bbox 941 1570 1064 1631; x_wconf 89' lang='lat' dir='ltr'><strong>tamen</strong></span> <span class='ocrx_word' id='word_1_71' title='bbox 1092 1557 1152 1630; x_wconf 91' lang='lat' dir='ltr'><strong>ille</strong></span> 
     </span>
     <span class='ocr_line' id='line_1_12' title="bbox 110 1671 1153 1770; baseline -0.007 -21"><span class='ocrx_word' id='word_1_72' title='bbox 110 1674 277 1749; x_wconf 86' lang='lat' dir='ltr'><strong>colonias</strong></span> <span class='ocrx_word' id='word_1_73' title='bbox 292 1673 372 1745; x_wconf 89' lang='lat' dir='ltr'><strong>illas</strong></span> <span class='ocrx_word' id='word_1_74' title='bbox 388 1696 455 1769; x_wconf 91' lang='lat' dir='ltr'><strong>per</strong></span> <span class='ocrx_word' id='word_1_75' title='bbox 476 1673 670 1770; x_wconf 85' lang='lat' dir='ltr'><strong>praefectos</strong></span> <span class='ocrx_word' id='word_1_76' title='bbox 696 1671 976 1745; x_wconf 88' lang='lat' dir='ltr'><strong>administravit.</strong></span> <span class='ocrx_word' id='word_1_77' title='bbox 1028 1671 1153 1744; x_wconf 77' lang='lat' dir='ltr'><strong>Quan-</strong></span> 
     </span>
     <span class='ocr_line' id='line_1_13' title="bbox 112 1785 1153 1885; baseline -0.005 -24"><span class='ocrx_word' id='word_1_78' title='bbox 112 1812 225 1885; x_wconf 86' lang='lat' dir='ltr'><strong>quam</strong></span> <span class='ocrx_word' id='word_1_79' title='bbox 242 1785 341 1858; x_wconf 90' lang='lat' dir='ltr'><strong>enim</strong></span> <span class='ocrx_word' id='word_1_80' title='bbox 358 1785 607 1881; x_wconf 88' lang='lat' dir='ltr'><strong>unusquisque</strong></span> <span class='ocrx_word' id='word_1_81' title='bbox 620 1785 808 1881; x_wconf 87' lang='lat' dir='ltr'><strong>regiminis</strong></span> <span class='ocrx_word' id='word_1_82' title='bbox 824 1794 965 1881; x_wconf 91' lang='lat' dir='ltr'><strong>partem</strong></span> <span class='ocrx_word' id='word_1_83' title='bbox 983 1807 1153 1857; x_wconf 84' lang='lat' dir='ltr'><strong>exercere</strong></span> 
     </span>
     <span class='ocr_line' id='line_1_14' title="bbox 112 1896 1154 1996; baseline -0.005 -22"><span class='ocrx_word' id='word_1_84' title='bbox 112 1898 251 1996; x_wconf 84' lang='lat' dir='ltr'><strong>cupiat,</strong></span> <span class='ocrx_word' id='word_1_85' title='bbox 260 1897 325 1970; x_wconf 92' lang='lat' dir='ltr'><strong>ubi</strong></span> <span class='ocrx_word' id='word_1_86' title='bbox 338 1896 465 1970; x_wconf 87' lang='lat' dir='ltr'><strong>adesse</strong></span> <span class='ocrx_word' id='word_1_87' title='bbox 476 1896 553 1993; x_wconf 90' lang='lat' dir='ltr'><strong>ipse</strong></span> <span class='ocrx_word' id='word_1_88' title='bbox 565 1905 687 1993; x_wconf 88' lang='lat' dir='ltr'><strong>potest</strong></span> <span class='ocrx_word' id='word_1_89' title='bbox 701 1928 710 1981; x_wconf 92' lang='lat'>;</span> <span class='ocrx_word' id='word_1_90' title='bbox 729 1897 792 1969; x_wconf 93' lang='lat' dir='ltr'><strong>ubi</strong></span> <span class='ocrx_word' id='word_1_91' title='bbox 803 1907 927 1969; x_wconf 89' lang='lat' dir='ltr'><strong>tamen</strong></span> <span class='ocrx_word' id='word_1_92' title='bbox 940 1897 1067 1969; x_wconf 87' lang='lat' dir='ltr'><strong>adesse</strong></span> <span class='ocrx_word' id='word_1_93' title='bbox 1078 1921 1154 1969; x_wconf 92' lang='lat' dir='ltr'><strong>non</strong></span> 
     </span>
     <span class='ocr_line' id='line_1_15' title="bbox 113 2011 1156 2110; baseline -0.004 -24"><span class='ocrx_word' id='word_1_94' title='bbox 113 2022 248 2110; x_wconf 90' lang='lat' dir='ltr'><strong>potest,</strong></span> <span class='ocrx_word' id='word_1_95' title='bbox 259 2035 338 2084; x_wconf 91' lang='lat' dir='ltr'><strong>rem</strong></span> <span class='ocrx_word' id='word_1_96' title='bbox 349 2034 579 2083; x_wconf 87' lang='lat' dir='ltr'><strong>communem</strong></span> <span class='ocrx_word' id='word_1_97' title='bbox 590 2011 822 2083; x_wconf 80' lang='lat' dir='ltr'><strong>monarchiae</strong></span> <span class='ocrx_word' id='word_1_98' title='bbox 834 2035 944 2107; x_wconf 90' lang='lat' dir='ltr'><strong>quam</strong></span> <span class='ocrx_word' id='word_1_99' title='bbox 956 2011 1014 2083; x_wconf 90' lang='lat' dir='ltr'><strong>vel</strong></span> <span class='ocrx_word' id='word_1_100' title='bbox 1025 2011 1156 2083; x_wconf 89' lang='lat' dir='ltr'><strong>aristo-</strong></span> 
     </span>
     <span class='ocr_line' id='line_1_16' title="bbox 114 2123 1154 2200; baseline -0.005 0"><span class='ocrx_word' id='word_1_101' title='bbox 114 2125 253 2200; x_wconf 83' lang='lat' dir='ltr'><strong>oratioe</strong></span> <span class='ocrx_word' id='word_1_102' title='bbox 270 2123 329 2196; x_wconf 89' lang='lat' dir='ltr'><strong>vel</strong></span> <span class='ocrx_word' id='word_1_103' title='bbox 346 2123 590 2197; x_wconf 86' lang='lat' dir='ltr'><strong>democratice</strong></span> <span class='ocrx_word' id='word_1_104' title='bbox 608 2123 856 2197; x_wconf 86' lang='lat' dir='ltr'><strong>administrari</strong></span> <span class='ocrx_word' id='word_1_105' title='bbox 881 2123 1021 2196; x_wconf 90' lang='lat' dir='ltr'><strong>mavult</strong></span> <span class='ocrx_word' id='word_1_106' title='bbox 1046 2136 1154 2195; x_wconf 89' lang='lat' dir='ltr'><strong>natu-</strong></span> 
     </span>
     <span class='ocr_line' id='line_1_17' title="bbox 114 2236 1155 2333; baseline -0.004 -20"><span class='ocrx_word' id='word_1_107' title='bbox 114 2239 254 2313; x_wconf 84' lang='lat' dir='ltr'><strong>raliter.</strong></span> <span class='ocrx_word' id='word_1_108' title='bbox 311 2237 423 2310; x_wconf 75' lang='lat' dir='ltr'><strong>Quod</strong></span> <span class='ocrx_word' id='word_1_109' title='bbox 452 2236 687 2309; x_wconf 88' lang='lat' dir='ltr'><strong>manifestum</strong></span> <span class='ocrx_word' id='word_1_110' title='bbox 717 2237 828 2310; x_wconf 88' lang='lat' dir='ltr'><strong>etiam</strong></span> <span class='ocrx_word' id='word_1_111' title='bbox 856 2248 912 2310; x_wconf 88' lang='lat' dir='ltr'><strong>est</strong></span> <span class='ocrx_word' id='word_1_112' title='bbox 939 2236 977 2310; x_wconf 90' lang='lat' dir='ltr'><strong>in</strong></span> <span class='ocrx_word' id='word_1_113' title='bbox 1004 2236 1155 2333; x_wconf 90' lang='lat' dir='ltr'><strong>privatis</strong></span> 
     </span>
     <span class='ocr_line' id='line_1_18' title="bbox 114 2348 1156 2447; baseline -0.002 -22"><span class='ocrx_word' id='word_1_114' title='bbox 114 2349 328 2425; x_wconf 92' lang='lat' dir='ltr'><strong>hominibus</strong></span> <span class='ocrx_word' id='word_1_115' title='bbox 345 2348 407 2444; x_wconf 91' lang='lat' dir='ltr'><strong>qui</strong></span> <span class='ocrx_word' id='word_1_116' title='bbox 425 2349 559 2423; x_wconf 90' lang='lat' dir='ltr'><strong>multas</strong></span> <span class='ocrx_word' id='word_1_117' title='bbox 575 2351 713 2423; x_wconf 91' lang='lat' dir='ltr'><strong>habent</strong></span> <span class='ocrx_word' id='word_1_118' title='bbox 729 2351 975 2446; x_wconf 88' lang='lat' dir='ltr'><strong>possessiones</strong></span> <span class='ocrx_word' id='word_1_119' title='bbox 989 2382 997 2434; x_wconf 90' lang='lat'><strong>;</strong></span> <span class='ocrx_word' id='word_1_120' title='bbox 1017 2350 1092 2447; x_wconf 93' lang='lat' dir='ltr'><strong>qui,</strong></span> <span class='ocrx_word' id='word_1_121' title='bbox 1106 2351 1156 2423; x_wconf 90' lang='lat' dir='ltr'><strong>la-</strong></span> 
     </span>
     <span class='ocr_line' id='line_1_19' title="bbox 115 2462 1155 2560; baseline -0.003 -21"><span class='ocrx_word' id='word_1_122' title='bbox 115 2466 206 2539; x_wconf 87' lang='lat' dir='ltr'><strong>bore</strong></span> <span class='ocrx_word' id='word_1_123' title='bbox 222 2462 501 2536; x_wconf 87' lang='lat' dir='ltr'><strong>administrandi</strong></span> <span class='ocrx_word' id='word_1_124' title='bbox 512 2463 662 2559; x_wconf 85' lang='lat' dir='ltr'><strong>negotia</strong></span> <span class='ocrx_word' id='word_1_125' title='bbox 671 2465 821 2560; x_wconf 88' lang='lat' dir='ltr'><strong>propria</strong></span> <span class='ocrx_word' id='word_1_126' title='bbox 832 2464 945 2538; x_wconf 88' lang='lat' dir='ltr'><strong>levari</strong></span> <span class='ocrx_word' id='word_1_127' title='bbox 956 2464 1155 2560; x_wconf 70' lang='lat' dir='ltr'><strong>cupientes</strong></span> 
     </span>
     <span class='ocr_line' id='line_1_20' title="bbox 115 2575 1158 2675; baseline -0.001 -23"><span class='ocrx_word' id='word_1_128' title='bbox 115 2578 276 2652; x_wconf 85' lang='lat' dir='ltr'><strong>amioum</strong></span> <span class='ocrx_word' id='word_1_129' title='bbox 289 2575 348 2648; x_wconf 91' lang='lat' dir='ltr'><strong>vel</strong></span> <span class='ocrx_word' id='word_1_130' title='bbox 365 2575 544 2648; x_wconf 89' lang='lat' dir='ltr'><strong>famulum</strong></span> <span class='ocrx_word' id='word_1_131' title='bbox 559 2601 674 2649; x_wconf 90' lang='lat' dir='ltr'><strong>unum</strong></span> <span class='ocrx_word' id='word_1_132' title='bbox 691 2578 812 2674; x_wconf 91' lang='lat' dir='ltr'><strong>potius</strong></span> <span class='ocrx_word' id='word_1_133' title='bbox 830 2578 981 2674; x_wconf 85' lang='lat' dir='ltr'><strong>eligunt,</strong></span> <span class='ocrx_word' id='word_1_134' title='bbox 1000 2577 1059 2651; x_wconf 88' lang='lat' dir='ltr'><strong>oui</strong></span> <span class='ocrx_word' id='word_1_135' title='bbox 1076 2602 1158 2675; x_wconf 90' lang='lat' dir='ltr'><strong>pos·</strong></span> 
     </span>
     <span class='ocr_line' id='line_1_21' title="bbox 116 2690 1156 2787; baseline -0.001 -22"><span class='ocrx_word' id='word_1_136' title='bbox 116 2690 321 2766; x_wconf 84' lang='lat' dir='ltr'><strong>sessionum</strong></span> <span class='ocrx_word' id='word_1_137' title='bbox 347 2712 494 2762; x_wconf 87' lang='lat' dir='ltr'><strong>suarum</strong></span> <span class='ocrx_word' id='word_1_138' title='bbox 521 2713 648 2763; x_wconf 89' lang='lat' dir='ltr'><strong>euram</strong></span> <span class='ocrx_word' id='word_1_139' title='bbox 674 2691 920 2781; x_wconf 86' lang='lat' dir='ltr'><strong>committant,</strong></span> <span class='ocrx_word' id='word_1_140' title='bbox 939 2716 1048 2787; x_wconf 90' lang='lat' dir='ltr'><strong>quam</strong></span> <span class='ocrx_word' id='word_1_141' title='bbox 1066 2694 1156 2765; x_wconf 91' lang='lat' dir='ltr'><strong>ami-</strong></span> 
     </span>
     <span class='ocr_line' id='line_1_22' title="bbox 117 2800 1157 2902; baseline 0 -23"><span class='ocrx_word' id='word_1_142' title='bbox 117 2828 248 2879; x_wconf 87' lang='lat' dir='ltr'><strong>corum</strong></span> <span class='ocrx_word' id='word_1_143' title='bbox 264 2803 323 2876; x_wconf 89' lang='lat' dir='ltr'><strong>vel</strong></span> <span class='ocrx_word' id='word_1_144' title='bbox 347 2800 567 2876; x_wconf 85' lang='lat' dir='ltr'><strong>famulorum</strong></span> <span class='ocrx_word' id='word_1_145' title='bbox 592 2804 751 2900; x_wconf 90' lang='lat' dir='ltr'><strong>plurium</strong></span> <span class='ocrx_word' id='word_1_146' title='bbox 778 2809 978 2902; x_wconf 86' lang='lat' dir='ltr'><strong>systemati.</strong></span> <span class='ocrx_word' id='word_1_147' title='bbox 1031 2807 1157 2879; x_wconf 89' lang='lat' dir='ltr'><strong>Potest</strong></span> 
     </span>
     <span class='ocr_line' id='line_1_23' title="bbox 119 2914 1158 3012; baseline 0.001 -22"><span class='ocrx_word' id='word_1_148' title='bbox 119 2930 245 2991; x_wconf 81' lang='lat' dir='ltr'><strong>tamen</strong></span> <span class='ocrx_word' id='word_1_149' title='bbox 262 2914 460 3012; x_wconf 85' lang='lat' dir='ltr'><strong>provinciae</strong></span> <span class='ocrx_word' id='word_1_150' title='bbox 476 2917 535 2989; x_wconf 92' lang='lat' dir='ltr'><strong>vel</strong></span> <span class='ocrx_word' id='word_1_151' title='bbox 545 2917 698 2991; x_wconf 79' lang='lat' dir='ltr'><strong>coloniae</strong></span> <span class='ocrx_word' id='word_1_152' title='bbox 712 2943 801 2992; x_wconf 88' lang='lat' dir='ltr'><strong>cura</strong></span> <span class='ocrx_word' id='word_1_153' title='bbox 812 2918 922 2991; x_wconf 89' lang='lat' dir='ltr'><strong>etiam</strong></span> <span class='ocrx_word' id='word_1_154' title='bbox 936 2920 1049 2992; x_wconf 88' lang='lat' dir='ltr'><strong>ooetui</strong></span> <span class='ocrx_word' id='word_1_155' title='bbox 1061 2943 1158 2991; x_wconf 87' lang='lat' dir='ltr'><strong>com-</strong></span> 
     </span>
     <span class='ocr_line' id='line_1_24' title="bbox 117 3028 1155 3128; baseline 0.002 -25"><span class='ocrx_word' id='word_1_156' title='bbox 117 3030 231 3104; x_wconf 90' lang='lat' dir='ltr'><strong>mitti.</strong></span> <span class='ocrx_word' id='word_1_157' title='bbox 284 3028 443 3103; x_wconf 75' lang='lat' dir='ltr'><strong>Quando</strong></span> <span class='ocrx_word' id='word_1_158' title='bbox 462 3042 587 3103; x_wconf 87' lang='lat' dir='ltr'><strong>autem</strong></span> <span class='ocrx_word' id='word_1_159' title='bbox 613 3031 652 3104; x_wconf 89' lang='lat' dir='ltr'><strong>id</strong></span> <span class='ocrx_word' id='word_1_160' title='bbox 676 3033 732 3120; x_wconf 91' lang='lat' dir='ltr'><strong>fit,</strong></span> <span class='ocrx_word' id='word_1_161' title='bbox 763 3033 1007 3128; x_wconf 88' lang='lat' dir='ltr'><strong>quodeunque</strong></span> <span class='ocrx_word' id='word_1_162' title='bbox 1034 3034 1081 3105; x_wconf 90' lang='lat' dir='ltr'><strong>ab</strong></span> <span class='ocrx_word' id='word_1_163' title='bbox 1111 3056 1155 3106; x_wconf 90' lang='lat' dir='ltr'><strong>eo</strong></span> 
     </span>
     <span class='ocr_line' id='line_1_25' title="bbox 119 3141 1159 3241; baseline -0.001 -23"><span class='ocrx_word' id='word_1_164' title='bbox 119 3155 222 3218; x_wconf 89' lang='lat' dir='ltr'><strong>ooetu</strong></span> <span class='ocrx_word' id='word_1_165' title='bbox 238 3141 405 3215; x_wconf 90' lang='lat' dir='ltr'><strong>debitum</strong></span> <span class='ocrx_word' id='word_1_166' title='bbox 430 3155 660 3217; x_wconf 88' lang='lat' dir='ltr'><strong>contractum</strong></span> <span class='ocrx_word' id='word_1_167' title='bbox 685 3144 818 3228; x_wconf 89' lang='lat' dir='ltr'><strong>fuerit;</strong></span> <span class='ocrx_word' id='word_1_168' title='bbox 849 3157 886 3217; x_wconf 90' lang='lat' dir='ltr'><strong>et</strong></span> <span class='ocrx_word' id='word_1_169' title='bbox 913 3143 1159 3241; x_wconf 87' lang='lat' dir='ltr'><strong>quodcunque</strong></span> 
     </span>
     <span class='ocr_line' id='line_1_26' title="bbox 119 3255 1160 3345; baseline 0 -15"><span class='ocrx_word' id='word_1_170' title='bbox 119 3256 313 3330; x_wconf 88' lang='lat' dir='ltr'><strong>decretum</strong></span> <span class='ocrx_word' id='word_1_171' title='bbox 329 3255 376 3327; x_wconf 88' lang='lat' dir='ltr'><strong>ab</strong></span> <span class='ocrx_word' id='word_1_172' title='bbox 398 3278 441 3328; x_wconf 90' lang='lat' dir='ltr'><strong>eo</strong></span> <span class='ocrx_word' id='word_1_173' title='bbox 468 3266 567 3329; x_wconf 89' lang='lat' dir='ltr'><strong>ooetu</strong></span> <span class='ocrx_word' id='word_1_174' title='bbox 592 3257 759 3330; x_wconf 84' lang='lat' dir='ltr'><strong>illicitum</strong></span> <span class='ocrx_word' id='word_1_175' title='bbox 788 3257 910 3345; x_wconf 86' lang='lat' dir='ltr'><strong>fuerit,</strong></span> <span class='ocrx_word' id='word_1_176' title='bbox 937 3256 1076 3330; x_wconf 83' lang='lat' dir='ltr'><strong>factum</strong></span> <span class='ocrx_word' id='word_1_177' title='bbox 1104 3268 1160 3330; x_wconf 92' lang='lat' dir='ltr'><strong>est</strong></span> 
     </span>
     <span class='ocr_line' id='line_1_27' title="bbox 119 3369 1158 3466; baseline -0.001 -23"><span class='ocrx_word' id='word_1_178' title='bbox 119 3369 270 3443; x_wconf 89' lang='lat' dir='ltr'><strong>illorum</strong></span> <span class='ocrx_word' id='word_1_179' title='bbox 285 3378 431 3440; x_wconf 88' lang='lat' dir='ltr'><strong>tantum</strong></span> <span class='ocrx_word' id='word_1_180' title='bbox 448 3369 510 3463; x_wconf 93' lang='lat' dir='ltr'><strong>qui</strong></span> <span class='ocrx_word' id='word_1_181' title='bbox 527 3393 592 3466; x_wconf 91' lang='lat' dir='ltr'><strong>per</strong></span> <span class='ocrx_word' id='word_1_182' title='bbox 618 3371 791 3466; x_wconf 88' lang='lat' dir='ltr'><strong>suffragia</strong></span> <span class='ocrx_word' id='word_1_183' title='bbox 818 3393 883 3442; x_wconf 91' lang='lat' dir='ltr'><strong>sua</strong></span> <span class='ocrx_word' id='word_1_184' title='bbox 913 3380 1158 3459; x_wconf 90' lang='lat' dir='ltr'><strong>assenserunt,</strong></span> 
     </span>
     <span class='ocr_line' id='line_1_28' title="bbox 121 3480 1160 3579; baseline 0 -23"><span class='ocrx_word' id='word_1_185' title='bbox 121 3507 199 3556; x_wconf 92' lang='lat' dir='ltr'><strong>non</strong></span> <span class='ocrx_word' id='word_1_186' title='bbox 215 3493 340 3554; x_wconf 85' lang='lat' dir='ltr'><strong>antem</strong></span> <span class='ocrx_word' id='word_1_187' title='bbox 358 3480 514 3576; x_wconf 81' lang='lat' dir='ltr'><strong>ejusqui</strong></span> <span class='ocrx_word' id='word_1_188' title='bbox 531 3481 700 3554; x_wconf 88' lang='lat' dir='ltr'><strong>dissensit</strong></span> <span class='ocrx_word' id='word_1_189' title='bbox 714 3483 772 3555; x_wconf 92' lang='lat' dir='ltr'><strong>vel</strong></span> <span class='ocrx_word' id='word_1_190' title='bbox 790 3482 918 3571; x_wconf 88' lang='lat' dir='ltr'><strong>abfuit,</strong></span> <span class='ocrx_word' id='word_1_191' title='bbox 932 3494 1084 3579; x_wconf 93' lang='lat' dir='ltr'><strong>propter</strong></span> <span class='ocrx_word' id='word_1_192' title='bbox 1102 3506 1160 3556; x_wconf 90' lang='lat' dir='ltr'><strong>ra-</strong></span> 
     </span>
     <span class='ocr_line' id='line_1_29' title="bbox 121 3593 1159 3690; baseline 0.001 -21"><span class='ocrx_word' id='word_1_193' title='bbox 121 3595 243 3669; x_wconf 86' lang='lat' dir='ltr'><strong>tiones</strong></span> <span class='ocrx_word' id='word_1_194' title='bbox 260 3617 372 3690; x_wconf 90' lang='lat' dir='ltr'><strong>supra</strong></span> <span class='ocrx_word' id='word_1_195' title='bbox 387 3593 578 3669; x_wconf 84' lang='lat' dir='ltr'><strong>adductas.</strong></span> <span class='ocrx_word' id='word_1_196' title='bbox 630 3597 757 3669; x_wconf 90' lang='lat' dir='ltr'><strong>Coetns</strong></span> <span class='ocrx_word' id='word_1_197' title='bbox 771 3606 875 3668; x_wconf 87' lang='lat' dir='ltr'><strong>extra</strong></span> <span class='ocrx_word' id='word_1_198' title='bbox 887 3598 979 3670; x_wconf 89' lang='lat' dir='ltr'><strong>fines</strong></span> <span class='ocrx_word' id='word_1_199' title='bbox 994 3596 1159 3689; x_wconf 88' lang='lat' dir='ltr'><strong>coloniae,</strong></span> 
     </span>
     <span class='ocr_line' id='line_1_30' title="bbox 122 3706 1161 3805; baseline 0.002 -24"><span class='ocrx_word' id='word_1_200' title='bbox 122 3731 234 3804; x_wconf 88' lang='lat' dir='ltr'><strong>quam</strong></span> <span class='ocrx_word' id='word_1_201' title='bbox 250 3706 494 3797; x_wconf 87' lang='lat' dir='ltr'><strong>administrat,</strong></span> <span class='ocrx_word' id='word_1_202' title='bbox 511 3720 730 3804; x_wconf 88' lang='lat' dir='ltr'><strong>potestatem</strong></span> <span class='ocrx_word' id='word_1_203' title='bbox 746 3710 786 3782; x_wconf 92' lang='lat' dir='ltr'><strong>in</strong></span> <span class='ocrx_word' id='word_1_204' title='bbox 799 3733 973 3805; x_wconf 90' lang='lat' dir='ltr'><strong>personas</strong></span> <span class='ocrx_word' id='word_1_205' title='bbox 991 3709 1047 3782; x_wconf 94' lang='lat' dir='ltr'><strong>vel</strong></span> <span class='ocrx_word' id='word_1_206' title='bbox 1063 3711 1161 3783; x_wconf 89' lang='lat' dir='ltr'><strong>bona</strong></span> 
     </span>
     <span class='ocr_line' id='line_1_31' title="bbox 122 3819 1162 3919; baseline 0.001 -26"><span class='ocrx_word' id='word_1_207' title='bbox 122 3819 277 3894; x_wconf 90' lang='lat' dir='ltr'><strong>ooloniae</strong></span> <span class='ocrx_word' id='word_1_208' title='bbox 291 3819 501 3910; x_wconf 88' lang='lat' dir='ltr'><strong>nonhabet,</strong></span> <span class='ocrx_word' id='word_1_209' title='bbox 516 3845 588 3916; x_wconf 90' lang='lat' dir='ltr'><strong>qua</strong></span> <span class='ocrx_word' id='word_1_210' title='bbox 601 3821 698 3895; x_wconf 93' lang='lat' dir='ltr'><strong>bona</strong></span> <span class='ocrx_word' id='word_1_211' title='bbox 711 3846 838 3895; x_wconf 90' lang='lat' dir='ltr'><strong>eorum</strong></span> <span class='ocrx_word' id='word_1_212' title='bbox 852 3823 890 3894; x_wconf 93' lang='lat' dir='ltr'><strong>in</strong></span> <span class='ocrx_word' id='word_1_213' title='bbox 903 3822 984 3895; x_wconf 91' lang='lat' dir='ltr'><strong>loco</strong></span> <span class='ocrx_word' id='word_1_214' title='bbox 999 3847 1162 3919; x_wconf 88' lang='lat' dir='ltr'><strong>quoeun-</strong></span> 
     </span>
     <span class='ocr_line' id='line_1_32' title="bbox 123 3932 1161 4031; baseline 0.003 -26"><span class='ocrx_word' id='word_1_215' title='bbox 123 3957 195 4029; x_wconf 91' lang='lat' dir='ltr'><strong>que</strong></span> <span class='ocrx_word' id='word_1_216' title='bbox 206 3943 309 4006; x_wconf 84' lang='lat' dir='ltr'><strong>extra</strong></span> <span class='ocrx_word' id='word_1_217' title='bbox 319 3932 436 4028; x_wconf 87' lang='lat' dir='ltr'><strong>ipsam</strong></span> <span class='ocrx_word' id='word_1_218' title='bbox 446 3932 627 4005; x_wconf 89' lang='lat' dir='ltr'><strong>coloniam</strong></span> <span class='ocrx_word' id='word_1_219' title='bbox 636 3946 786 4031; x_wconf 87' lang='lat' dir='ltr'><strong>propter</strong></span> <span class='ocrx_word' id='word_1_220' title='bbox 797 3934 956 4008; x_wconf 90' lang='lat' dir='ltr'><strong>debitam</strong></span> <span class='ocrx_word' id='word_1_221' title='bbox 967 3936 1161 4030; x_wconf 82' lang='lat' dir='ltr'><strong>pecuniam</strong></span> 
     </span>
    </p>
   </div>
   <div class='ocr_carea' id='block_1_3' title="bbox 122 4046 1160 4258">
    <p class='ocr_par' dir='ltr' id='par_1_3' title="bbox 122 4046 1160 4258">
     <span class='ocr_line' id='line_1_33' title="bbox 123 4046 1160 4145; baseline 0.002 -25"><span class='ocrx_word' id='word_1_222' title='bbox 123 4046 271 4143; x_wconf 81' lang='lat' dir='ltr'><strong>exigere</strong></span> <span class='ocrx_word' id='word_1_223' title='bbox 284 4046 368 4141; x_wconf 90' lang='lat' dir='ltr'><strong>jure</strong></span> <span class='ocrx_word' id='word_1_224' title='bbox 384 4056 528 4141; x_wconf 90' lang='lat' dir='ltr'><strong>potest;</strong></span> <span class='ocrx_word' id='word_1_225' title='bbox 554 4047 640 4141; x_wconf 92' lang='lat' dir='ltr'><strong>quia</strong></span> <span class='ocrx_word' id='word_1_226' title='bbox 657 4058 761 4121; x_wconf 86' lang='lat' dir='ltr'><strong>extra</strong></span> <span class='ocrx_word' id='word_1_227' title='bbox 778 4047 959 4121; x_wconf 87' lang='lat' dir='ltr'><strong>coloniam</strong></span> <span class='ocrx_word' id='word_1_228' title='bbox 971 4048 1087 4144; x_wconf 89' lang='lat' dir='ltr'><strong>ipsam</strong></span> <span class='ocrx_word' id='word_1_229' title='bbox 1101 4051 1160 4145; x_wconf 88' lang='lat' dir='ltr'><strong>ju-</strong></span> 
     </span>
     <span class='ocr_line' id='line_1_34' title="bbox 122 4158 1160 4258; baseline 0.003 -25"><span class='ocrx_word' id='word_1_230' title='bbox 122 4159 375 4233; x_wconf 78' lang='lat' dir='ltr'><strong>risdictionem</strong></span> <span class='ocrx_word' id='word_1_231' title='bbox 408 4158 546 4231; x_wconf 90' lang='lat' dir='ltr'><strong>nullam</strong></span> <span class='ocrx_word' id='word_1_232' title='bbox 579 4159 700 4235; x_wconf 89' lang='lat' dir='ltr'><strong>habet.</strong></span> <span class='ocrx_word' id='word_1_233' title='bbox 754 4162 855 4234; x_wconf 91' lang='lat' dir='ltr'><strong>Idem</strong></span> <span class='ocrx_word' id='word_1_234' title='bbox 884 4173 1012 4252; x_wconf 84' lang='lat' dir='ltr'><strong>coetus,</strong></span> <span class='ocrx_word' id='word_1_235' title='bbox 1044 4186 1160 4258; x_wconf 91' lang='lat' dir='ltr'><strong>quan-</strong></span> 
     </span>
    </p>
   </div>
   <div class='ocr_carea' id='block_1_4' title="bbox 124 4271 1160 4371">
    <p class='ocr_par' dir='ltr' id='par_1_4' title="bbox 124 4271 1160 4371">
     <span class='ocr_line' id='line_1_35' title="bbox 124 4271 1160 4371; baseline 0.003 -24"><span class='ocrx_word' id='word_1_236' title='bbox 124 4296 235 4370; x_wconf 89' lang='lat' dir='ltr'><strong>quam</strong></span> <span class='ocrx_word' id='word_1_237' title='bbox 252 4271 456 4346; x_wconf 85' lang='lat' dir='ltr'><strong>mulctandi</strong></span> <span class='ocrx_word' id='word_1_238' title='bbox 473 4273 638 4347; x_wconf 88' lang='lat' dir='ltr'><strong>membra</strong></span> <span class='ocrx_word' id='word_1_239' title='bbox 660 4273 860 4369; x_wconf 81' lang='lat' dir='ltr'><strong>singularia</strong></span> <span class='ocrx_word' id='word_1_240' title='bbox 881 4275 941 4371; x_wconf 89' lang='lat' dir='ltr'><strong>jus</strong></span> <span class='ocrx_word' id='word_1_241' title='bbox 965 4276 1111 4368; x_wconf 87' lang='lat' dir='ltr'><strong>habeat,</strong></span> <span class='ocrx_word' id='word_1_242' title='bbox 1129 4277 1160 4351; x_wconf 91' lang='lat' dir='ltr'><strong>si</strong></span> 
     </span>
    </p>
   </div>
   <div class='ocr_carea' id='block_1_5' title="bbox 0 0 1492 4980">
    <p class='ocr_par' dir='ltr' id='par_1_5' title="bbox 0 0 1492 4980">
     <span class='ocr_line' id='line_1_36' title="bbox 0 0 1492 4980; baseline 0 0"><span class='ocrx_word' id='word_1_243' title='bbox 0 0 1492 4980; x_wconf 95' lang='lat' dir='ltr'><strong> </strong></span> 
     </span>
    </p>
   </div>
  </div>
 </body>
</html>
