2926 4980
371 380 426 434 ιη
441 379 634 435 orvrrnrn
654 379 920 435 cunrsrmun.
1083 365 1156 433 415

122 559 236 622 tatem
261 548 488 645 pontificiam
513 546 631 622 sciens
656 549 790 622 abusus
814 560 881 623 est.
943 546 1055 623 Quod
1078 547 1159 643 lege
1182 578 1259 627 cnr.
1273 575 1358 626 uun.

123 663 337 758 imponitur,
354 662 384 734 si
402 661 550 757 quidem
566 685 678 758 grave
703 663 762 749 sit,
781 661 905 736 vocari
930 660 1042 734 etiam
1067 682 1160 733 onus
1198 657 1346 787 ὦ

123 787 246 873 potest
274 799 341 871 per
368 775 633 872 metaphoram.
701 775 824 848 Etiam
848 774 948 871 quod
968 798 992 847 a
1016 773 1158 847 medico
1196 792 1349 840 missuum

124 888 327 985 imponitur
337 888 531 983 aegrotanti
544 887 741 961 bibendum
753 887 1039 984 pharmacum‚si
1047 909 1158 982 grave

125 1003 185 1092 sit,
200 1002 312 1076 etiam
326 1026 418 1076 onus
435 1003 610 1099 appellari
623 1013 755 1098 potest.
795 1001 907 1077 Quod
916 1003 975 1075 lex
991 1000 1158 1096 imponit,

126 1117 175 1190 ad
191 1117 330 1189 bonum
350 1115 576 1211 imperantis,
595 1115 634 1188 id
659 1128 727 1204 est,
746 1115 794 1188 ad
819 1117 955 1189 bonum
972 1114 1160 1210 publicum

127 1230 350 1326 imponitur;
376 1228 532 1325 ideoque
558 1229 601 1318 is,
628 1231 688 1303 cui
712 1230 913 1326 imponitur
939 1251 1032 1302 onus
1057 1227 1160 1317 illud,

127 1343 289 1440 perferre
315 1353 495 1438 quatenus
519 1355 653 1438 potest,
679 1343 875 1439 obligatur.
928 1341 1002 1415 Sed
1019 1341 1161 1437 quoda

129 1455 271 1529 medico
289 1453 501 1550 imponitur,
515 1453 563 1527 od
582 1455 720 1528 bouum
736 1455 849 1528 solius
865 1455 1080 1550 aegrotantis
1096 1453 1163 1525 im·

129 1568 291 1667 ponitur,
308 1590 427 1664 neque
444 1567 544 1641 aliud
561 1579 617 1641 est
634 1591 743 1663 quam
767 1567 1069 1641 convalescentia,
1085 1565 1164 1639 adi-

128 1680 313 1780 piscendae
330 1679 497 1776 apposita
522 1680 696 1768 conditio,
723 1703 806 1776 quae
823 1681 853 1752 si
873 1680 1086 1753 duriuscule
1101 1681 1163 1771 sit,

130 1794 335 1892 appellatur
359 1817 464 1866 onus.
526 1795 575 1867 Ilt
599 1794 695 1867 sicut
719 1806 904 1890 praecepta
926 1794 1163 1882 medicorum,

132 1909 187 1982 ita
217 1930 360 2003 quoque
393 1919 579 2003 praecepta
606 1920 798 2003 pastorum
831 1908 910 1981 sine
940 1906 1165 1980 authoritate

132 2023 230 2096 civili
256 2022 355 2117 leges
381 2044 455 2092 non
481 2032 577 2110 sunt,
596 2020 662 2095 sed
687 2021 861 2104 consilia;
888 2043 970 2116 quae
987 2021 1090 2115 sequi
1106 2022 1166 2094 vel

131 2135 318 2232 negligere
353 2157 419 2206 suo
447 2134 624 2230 cujusque
659 2134 821 2231 periculo
852 2135 1070 2231 permissum
1097 2147 1165 2207 est.

132 2250 220 2323 Tale
237 2259 360 2321 autem
385 2258 466 2319 erat
487 2270 592 2336 onus,
610 2247 656 2321 de
682 2272 754 2344 quo
772 2248 811 2320 in
828 2248 900 2321 hoc
926 2259 1029 2322 textu
1046 2271 1166 2322 sermo

134 2373 201 2450 est,
217 2385 362 2456 nempe,
380 2360 481 2456 quod
493 2360 665 2456 gentibus
683 2361 868 2435 conversis
885 2362 931 2435 ab
957 2385 1022 2436 esu
1040 2384 1166 2435 eorum

134 2475 345 2549 animalium
372 2497 453 2569 quae
477 2473 706 2547 simulachris
726 2474 915 2549 immolata
931 2486 1048 2565 erant,
1067 2484 1104 2548 et
1121 2475 1167 2548 ab

134 2613 201 2664 esu
213 2588 381 2663 suffocati
399 2598 436 2660 et
450 2588 639 2684 sanguinis
654 2588 911 2663 abstinendum
923 2602 1013 2663 erat.
1053 2587 1127 2662 Sed
1137 2588 1169 2661 si

135 2704 373 2801 prohibeatur
398 2724 480 2773 esus
507 2701 707 2797 sanguinis,
734 2712 773 2775 et
797 2702 996 2798 prohibitio
1026 2701 1090 2774 illa
1121 2700 1170 2774 sit

135 2817 193 2889 lex
219 2838 329 2911 quam
354 2815 561 2910 obligamur
585 2838 712 2888 omnes
737 2815 937 2888 Christiani
962 2815 1171 2899 custodire;

135 2953 249 3027 quare
266 2927 377 3001 hodie
395 2927 593 3001 Christiani
610 2928 757 3024 ubique,
771 2929 882 3002 etiam
895 2929 934 3002 iu
945 2929 1064 3003 Roma
1080 2929 1171 3026 ipsa,

136 3042 351 3139 sanguinmn
381 3039 493 3137 vulgo
519 3040 744 3114 comedunt?
795 3042 1055 3138 Apostolorum
1083 3065 1172 3139 ergo

137 3167 221 3231 acta
246 3154 394 3229 concilii
419 3153 519 3251 leges
544 3176 635 3244 esse,
654 3176 699 3226 ex
722 3152 794 3226 hoc
811 3165 915 3229 textu
930 3155 1172 3229 Bellarminus

138 3295 213 3344 non
229 3268 412 3366 probavit.

188 3384 307 3457 Iocus
320 3392 445 3454 sextus
461 3391 517 3453 est
534 3380 638 3454 Rom.
656 3378 733 3453 xiii.
758 3389 770 3452 l
789 3409 798 3452 :
829 3379 1090 3454 Omniaanimo
1100 3403 1174 3480 po-

141 3494 342 3569 testatibuc
375 3491 732 3592 supereminentibus
758 3492 928 3589 subjecta
957 3504 1065 3567 cato:
1103 3519 1175 3568 noa

139 3609 235 3681 enim
264 3616 322 3679 eat
343 3615 521 3705 potestas
546 3607 622 3680 nisi
647 3632 672 3679 a
697 3607 779 3680 Deo
794 3634 807 3679 :
847 3606 885 3680 id
914 3609 1015 3704 quod
1039 3608 1175 3682 intelli-

140 3720 303 3816 gendum
332 3742 413 3793 esse
431 3720 522 3808 vult,
538 3743 614 3793 non
631 3719 749 3792 solum
767 3719 813 3793 de
828 3720 1055 3817 principibus
1072 3746 1175 3795 secu-

141 3833 290 3920 laribus,
308 3832 374 3904 sed
390 3832 499 3904 etiam
517 3831 563 3906 de
581 3833 847 3907 ecclesiasticis.
898 3834 959 3908 Ad
984 3836 1083 3932 quod
1107 3859 1175 3932 pro

141 3969 328 4042 responso,
346 3945 385 4017 id
414 3945 512 4040 quod
538 3969 634 4042 saepe
658 3947 901 4021 antedictum
926 3959 981 4022 est
1006 3950 1175 4039 referam,

142 4059 315 4133 nimirum
331 4058 514 4154 principes
540 4060 805 4134 ecclesiasticos
830 4073 964 4156 proeter
992 4063 1176 4161 principes

143 4173 334 4246 civitatum
358 4169 480 4243 nullos
507 4194 597 4260 esse,
624 4197 692 4246 nec
717 4173 829 4247 fuisse
855 4197 1027 4270 unquam.
1080 4177 1176 4249 Nam

142 4287 173 4359 si
185 4285 372 4382 apostolus
384 4282 558 4358 voluisset
569 4285 734 4360 subditos
745 4310 904 4377 noanon
915 4289 1032 4362 solum
1044 4290 1180 4386 priuci-
