2926 4980
502 348 556 400 nn
576 347 782 400 c1vrnarn.
1098 333 1166 398 1311

173 514 331 606 Quarto,
338 518 512 611 quoniam
522 540 588 612 per
598 516 867 591 institutionem
877 517 993 612 ipsam
1004 515 1167 588 omnium
1183 542 1260 592 cnr.
1273 543 1310 593 xt

120 628 312 701 actionum
327 630 438 718 illius,
455 631 494 702 in
512 654 621 726 quem
652 653 830 702 summam
848 629 1084 703 contulerunt
1099 652 1165 724 po-
1178 627 1310 738 „effi

120 752 307 830 testatem,
343 744 477 816 author
503 755 558 816 est
591 743 859 816 conferentium
892 709 1310 838 unusquisque3b0nliumn0

121 854 358 928 manifestum
385 870 455 945 est,
473 857 572 952 quod
599 856 645 928 ab
671 856 830 929 habente
847 879 1026 929 summam
1042 829 1310 953 potes-llll&

122 981 240 1041 tatem
271 971 410 1043 nemini
444 969 712 1044 conferentium
740 969 821 1042 fieri
847 992 953 1065 posse
982 968 1164 1063 injuriam.
1177 953 1310 999 mmm*

124 1082 224 1154 Nam
256 1082 398 1156 factum
427 1084 604 1174 authoris,
631 1083 670 1157 id
695 1095 762 1173 est,
788 1083 1085 1177 uniuscujusque,
1110 1090 1166 1154 est

125 1195 301 1290 quicquid
325 1196 386 1269 ille
410 1197 550 1270 fecerit.
603 1197 679 1270 Sibi
698 1197 767 1293 ipsi
784 1206 907 1269 autem
924 1195 1094 1291 injuriam
1111 1193 1165 1266 fa-

125 1331 210 1381 eere
234 1332 343 1381 nemo
367 1322 503 1404 potest.
555 1310 656 1384 Quin
681 1311 723 1398 is,
750 1309 813 1404 qui
846 1331 1026 1382 summam
1054 1308 1166 1382 habet

125 1433 358 1517 potestatem,
385 1420 506 1494 faeere
540 1422 664 1518 inique
689 1423 816 1518 possit,
840 1446 915 1495 non
943 1420 1164 1518 negaverim.

125 1535 296 1630 Iniquum
315 1535 413 1607 enim
431 1534 531 1631 quod
547 1535 806 1632 contralegem
823 1547 977 1623 naturae,
987 1535 1165 1630 injustum

123 1648 223 1744 quod
240 1660 372 1721 contra
388 1647 506 1744 legem
532 1647 675 1721 civilem
700 1648 837 1722 factum
864 1659 930 1736 est,
948 1648 1164 1745 appellatur.

125 1761 222 1834 Nom
234 1765 377 1859 justum
395 1774 461 1834 aut
477 1762 651 1858 injustum
669 1776 754 1836 ante
775 1763 962 1836 civitatem
987 1763 1165 1835 constitu-

123 1887 201 1948 tam
218 1875 311 1948 nihil
328 1887 419 1949 erat.
813 1951 815 1954 ,

176 1987 329 2078 Quinto,
335 2013 410 2062 non
424 2000 545 2085 potest
558 1990 622 2086 qui
634 2014 811 2062 summam
821 1989 933 2062 habet
942 2000 1164 2086 potestatem

124 2127 148 2176 a
178 2102 319 2174 civibus
350 2102 480 2190 occidi,
500 2114 564 2175 aut
588 2102 916 2198 quomodocunque
929 2104 1012 2198 jure
1029 2103 1162 2198 puniri.

127 2214 224 2288 Nam
235 2216 298 2311 qui
312 2215 483 2311 injuriam
496 2217 617 2289 facere
632 2241 705 2289 non
717 2228 850 2313 potest,
861 2241 908 2290 ne
922 2240 1005 2289 reus
1016 2217 1161 2312 quidem

125 2329 217 2417 fieri,
243 2328 361 2401 multo
388 2329 506 2402 minus
532 2331 768 2404 condemnari
792 2342 924 2426 potest.
977 2329 1164 2426 Quicquid

126 2442 223 2515 enim
239 2441 341 2531 fecit,
359 2442 448 2515 facti
465 2444 596 2516 author
613 2460 670 2516 est
687 2445 820 2517 civium
836 2444 1095 2540 unusquisque.

177 2555 300 2643 Sexto,
320 2555 406 2649 quia
422 2556 579 2629 civitatis
596 2557 830 2629 instituendae
847 2556 929 2629 finis
945 2580 1018 2652 pax
1044 2566 1100 2629 est
1125 2569 1163 2630 et

128 2667 302 2755 defensio,
329 2679 365 2738 et
404 2668 611 2765 quicunque
637 2670 675 2741 in
711 2672 821 2741 finem
856 2672 916 2766 jus
946 2671 1070 2758 habet,
1101 2670 1162 2766 jus

127 2783 234 2854 etiam
254 2781 292 2852 in
310 2781 432 2853 media
449 2782 580 2865 habet;
607 2784 782 2879 sequitur,
799 2794 841 2857 ut
859 2783 1073 2878 cuicunque,
1087 2784 1163 2856 sive

127 2894 264 2967 homini
281 2894 357 2967 sive
376 2897 499 2983 coetui,
510 2897 684 2969 tribuitur
700 2907 862 2993 potestas
879 2920 1032 2985 summa,
1044 2897 1163 2970 eidem

128 3009 234 3080 etiam
254 3006 300 3080 de
317 3007 447 3081 mediis
464 3009 511 3082 ad
529 3033 656 3106 pacem
672 3021 709 3083 et
723 3009 969 3083 defensionem
983 3009 1162 3106 judicatio

128 3120 264 3193 tributa
281 3121 340 3208 sit,
354 3133 392 3193 et
410 3133 451 3194 ut
464 3135 543 3194 tum
555 3123 594 3195 in
612 3124 692 3218 ipso
709 3121 871 3219 periculo
894 3136 973 3195 tum
998 3146 1163 3220 praeven-

127 3233 236 3305 tionis
270 3258 380 3307 causa
413 3247 498 3308 ante
531 3236 744 3332 periculum,
776 3236 919 3333 judicet
947 3236 1036 3332 quid
1061 3235 1163 3309 factu

129 3347 371 3419 necessarium
390 3348 449 3437 sit,
468 3362 547 3421 tum
573 3350 620 3422 ad
645 3373 774 3445 pacem
804 3349 939 3421 civium
955 3349 1052 3421 inter
1069 3373 1108 3421 se
1125 3361 1163 3422 et

129 3460 359 3532 securitatem
390 3472 519 3534 contra
546 3463 669 3535 hostes
696 3461 996 3551 conservandam,
1013 3472 1093 3534 tum
1115 3462 1163 3536 ad

129 3571 260 3645 damna
277 3573 435 3646 civitatis
448 3575 689 3648 resarcienda.

177 3687 354 3781 Septimo,
371 3710 521 3761 summae
549 3689 723 3783 potestati
739 3688 903 3762 adhaeret
916 3714 998 3785 quae
1010 3689 1058 3763 ad
1075 3712 1163 3763 con·
1291 3681 1296 3691 ⁸

127 3802 368 3873 servationem
393 3802 451 3873 vel
480 3802 715 3874 violationem
733 3804 837 3897 ‘pacis
863 3803 1019 3876 tendunt
1036 3803 1162 3875 decer-

127 3934 225 4002 nere,
243 3924 282 3986 et
312 3912 470 4009 quando,
502 3925 694 4010 quatenus
722 3915 852 4009 quibus
876 3914 974 4012 apud
1000 3915 1163 3988 multitu-

127 4024 248 4098 dinem
282 4028 490 4100 concionari
523 4028 810 4123 permittendum
840 4028 901 4116 sit,
925 4042 963 4101 et
990 4029 1052 4124 qui
1079 4028 1162 4100 libri

127 4138 336 4234 publicandi
354 4152 391 4214 et
407 4166 431 4213 a
447 4143 578 4236 quibus
595 4141 828 4214 examinandi
850 4142 934 4216 sint.
986 4142 1162 4216 Actiones

128 4253 224 4326 enim
241 4256 286 4327 ab
305 4255 536 4351 opinionibus
553 4270 676 4330 ortum
695 4256 854 4328 habent:
881 4257 918 4328 in
931 4257 1060 4329 harum
1073 4279 1161 4350 ergo
