2926 4980
367 375 420 426 nu
441 375 633 427 crvrrnra
654 376 921 429 cnnrsrmnnr.
1088 363 1161 430 433

124 544 164 616 in
180 553 355 632 montem,
373 544 538 616 homines
556 568 690 640 magna
706 569 752 616 ex
769 556 873 640 parte
891 543 1052 616 nondum
1072 567 1161 616 con·
1184 583 1261 632 w,
1276 583 1349 632 xm

124 656 220 729 versi
234 656 282 729 ad
294 657 416 730 fidem.
471 658 580 732 Quod
597 672 720 730 autem
737 660 871 731 attinet
883 658 931 731 ad
943 667 1162 753 potestatem
1200 668 1348 784 „W
1420 730 1430 749 κ

125 771 258 844 arietes
276 770 439 844 furentes
457 771 651 844 coercendi
669 782 707 843 et
723 795 746 843 a
762 795 874 867 grege
898 771 1037 866 reliquo
1059 794 1164 868 sepa-
1200 789 1347 836 mamre·

126 883 244 971 randi,
274 885 446 956 Servator
475 897 602 957 noster
634 894 856 980 potestatem
886 885 985 957 illam
1020 885 1059 956 in
1091 885 1163 958 hoc

126 996 264 1069 mundo
282 998 359 1092 ipse
377 998 570 1086 recusavit,
587 998 750 1069 triticum
770 1009 808 1070 et
825 997 966 1069 zizania
983 997 1090 1069 simul
1104 1001 1163 1094 ju-

126 1109 217 1182 bens
234 1133 397 1181 crescere
414 1131 531 1205 usque
549 1110 597 1183 ad
614 1109 711 1183 diem
725 1109 857 1205 judicii
872 1142 881 1194 ;
909 1111 1025 1182 multo
1043 1111 1164 1184 minus

127 1234 349 1318 potestatem
379 1234 520 1295 tantam
549 1223 652 1296 dedit
685 1223 720 1295 S.
741 1224 860 1313 Petro,
887 1235 952 1296 aut
978 1224 1015 1297 S.
1036 1225 1165 1298 Petrus

128 1337 397 1408 successoribus
415 1337 501 1408 suis
552 1337 647 1408 Tum
665 1337 735 1423 ille,
757 1348 837 1408 tum
853 1351 1020 1432 pastores
1038 1338 1165 1410 caeteri

124 1448 349 1544 jubebantur
367 1448 595 1521 Christianos
612 1449 704 1535 illos,
731 1449 793 1543 qui
822 1449 1012 1522 ecclesiam
1037 1450 1165 1523 audire

128 1562 272 1651 nolunt,
303 1572 480 1657 tanquam
507 1562 673 1635 ethnicos
704 1577 742 1635 et
770 1564 984 1659 publicanos
1018 1563 1164 1636 ducere.

133 1675 226 1747 Cum
245 1698 333 1771 ergo
349 1675 456 1769 Papae
483 1676 523 1747 in
550 1675 716 1748 ethnicos
743 1686 905 1770 potestas
931 1675 1032 1748 nulla
1050 1677 1110 1767 sit,
1128 1676 1167 1748 in

128 1812 191 1861 eos
210 1788 322 1861 etiam
336 1788 398 1884 qui
415 1812 482 1884 pro
501 1788 657 1861 ethnicis
675 1788 801 1860 haberi
815 1788 961 1877 debent,
973 1789 1073 1862 nulla
1086 1802 1154 1862 est.

179 1901 371 1988 Praeterea,
390 1902 436 1972 ab
455 1900 534 1996 ipsa
550 1912 732 1996 potestate
751 1901 977 1995 praedicandi
1005 1914 1168 1997 potesta-

128 2023 203 2087 tem
235 2014 272 2085 in
308 2036 413 2109 reges
447 2015 651 2086 coercivam
691 2013 878 2087 concludit
913 2014 1167 2089 Bellarminus.

128 2127 317 2215 Pastoris,
332 2127 463 2223 inquit,
482 2138 538 2198 eet
553 2151 714 2224 gregem
724 2151 916 2224 pascere:
942 2139 1066 2224 potest
1081 2153 1168 2224 ergo

130 2240 240 2335 Papa,
253 2251 296 2312 ut
310 2241 469 2313 officium
486 2263 592 2311 suum
608 2239 757 2325 faciant,
769 2263 873 2336 reges
889 2265 1033 2336 cogere.
1062 2242 1169 2315 Unde

133 2353 299 2449 sequitur
310 2353 457 2450 Papam,
476 2363 655 2447 quatenus
673 2351 861 2424 hominum
876 2353 1169 2428 Christianorum

130 2479 256 2562 pastor
273 2478 341 2556 est,
356 2490 484 2562 regum
503 2489 580 2538 esse
599 2489 736 2561 regem.
776 2465 885 2539 Quod
903 2490 950 2539 an
967 2467 1171 2541 conceden-

133 2580 220 2652 dum
238 2580 298 2667 sit,
317 2603 422 2675 reges
438 2579 509 2674 ipsi
527 2578 699 2652 viderint.

182 2695 336 2766 Sextum
364 2706 402 2766 et
431 2693 604 2765 ultimum
635 2704 891 2787 argumentum
922 2695 968 2765 ab
999 2694 1172 2790 exemplis

132 2807 297 2880 sumitur.
351 2806 425 2879 Sed
454 2806 621 2901 exempla
649 2805 739 2878 nihil
767 2807 935 2900 probant.
991 2807 1172 2894 Secundo,

133 2919 311 3014 exempla,
340 2943 422 3015 quae
453 2919 514 2991 ille
540 2917 702 3007 adducit,
735 2919 892 3013 speciem
914 2920 1008 3013 juris
1035 2921 1173 2993 nullam

133 3034 286 3105 habent.
339 3033 383 3105 ld
409 3031 507 3128 quod
533 3032 624 3104 fecit
658 3031 867 3121 Jehoiadas,
896 3033 959 3128 qui
989 3033 1173 3105 Athaliam

133 3146 318 3219 interfecit
347 3146 564 3241 (aReg.xi.
588 3147 743 3238 15,16),
768 3156 833 3217 aut
860 3145 999 3218 factum
1026 3157 1083 3218 est
1110 3173 1174 3220 au-

133 3260 309 3332 thoritate
334 3260 430 3355 regis
454 3260 556 3347 Jan,
574 3269 639 3332 aut
661 3259 794 3330 summi
822 3258 1019 3332 sacerdotis
1045 3261 1174 3357 ingens

134 3373 273 3444 crimen
301 3382 390 3444 erat.
443 3371 539 3444 Nam
563 3369 731 3443 sacerdos
761 3394 923 3443 summus
948 3396 992 3445 eo
1010 3385 1175 3470 tempore

133 3483 212 3578 regi
230 3496 310 3556 erat
327 3484 505 3556 subditus.
547 3482 657 3557 Quod
678 3483 890 3555 Ambrosius
918 3484 1176 3579 imperatorem

133 3596 379 3668 Theodosium
406 3595 790 3685 excommunicaverit,
817 3597 954 3668 crimen
978 3612 1058 3670 erat
1080 3599 1176 3671 laesae

133 3710 346 3805 majestatis.
401 3710 510 3785 Quod
544 3709 592 3781 ad
623 3708 765 3804 judicia
797 3710 928 3783 attinet
958 3712 1124 3807 Gregorii
1147 3713 1176 3800 l,

135 3824 302 3919 Gregorii
315 3824 365 3910 II,
383 3823 580 3912 Zachariae,
609 3834 647 3895 et
675 3823 806 3895 Leonis
825 3824 892 3912 III,
912 3825 951 3896 in
978 3827 1052 3897 suis
1080 3826 1176 3920 ipso-

135 3961 217 4008 rum
235 3936 355 4009 causis
378 3936 470 4009 nihil
486 3936 635 4021 valent3
662 3951 701 4009 et
729 3937 841 4025 facta,
868 3962 949 4033 quae
980 3938 1065 4011 huic
1091 3940 1177 4012 doc·
1216 4006 1218 4011 .

137 4052 245 4123 trinae
277 4050 480 4124 conformia
504 4062 716 4146 perpetrata
749 4063 847 4139 sunt,
881 4053 1065 4146 praecipue
1091 4076 1177 4124 vero

135 4164 276 4237 factum
289 4163 486 4251 Zachariae,
498 4162 702 4252 criminum,
721 4188 802 4259 quae
820 4164 951 4237 cadere
968 4177 1123 4261 possunt
1139 4165 1177 4238 in

136 4288 310 4351 naturam
325 4277 536 4366 humanam,
553 4277 715 4351 maxima
731 4278 891 4351 fuerunt.

237 4413 331 4465 vol..
346 4411 411 4463 ΙΙΙ.
1018 4413 1040 4463 1³¹
1056 4414 1078 4463 Β
