2926 4980
140 557 219 608 CAP.
227 558 310 610 xnn.

151 703 185 746 Do
194 708 300 761 putenm

336 350 410 415 404
579 361 634 414 DE
653 360 841 415 clvt'rn'rn
860 360 1132 415 CHRIS'HANA·

386 528 608 624 Quanquam
631 553 713 626 quae
739 528 917 603 hactenus
942 528 1043 602 dicta
1068 527 1283 617 enatantis
1300 552 1385 627 per-

153 640 463 739 ‘'f-‘spicue
479 640 683 731 videantur,
701 652 740 714 et
762 641 936 738 potestati
953 641 1213 715 ecclesiasticae
1231 642 1385 739 regibus

147 766 303 813 aum
337 754 553 828 Christianis
566 754 992 840 asserendaesufficiunt3
982 755 1098 851 ·quia
1112 766 1241 828 tumen
1257 768 1386 853 potcs-

336 879 451 942 tatem
469 867 605 940 illam
595 892 634 939 m
658 869 828 941 omuibus
851 867 1060 941 civitatibus
1084 868 1285 964 pontifices
1311 868 1387 944 Ro·

336 981 436 1054 mani
459 980 529 1054 sibi
559 993 745 1077 arrogant,
772 993 810 1055 et
835 980 1038 1055 cardinalis
1060 980 1357 1056 Bellarminns
1345 1007 1386 1057 m

337 1093 588 1169 controversia
612 1092 660 1166 de
677 1092 821 1166 Summo
841 1094 1035 1189 Pontifice,
1049 1095 1111 1190 jus
1133 1094 1385 1189 pontificium,

336 1219 514 1305 quantum
537 1206 709 1303 possibile
737 1218 804 1297 est,
831 1207 1099 1305 propugnavit;
1134 1208 1387 1285 fundamenta

335 1333 374 1393 et
403 1330 702 1416 argumentorum
731 1321 811 1416 ejus
838 1321 951 1393 robur
980 1321 1139 1394 breviter
1164 1322 1386 1397 examinare

335 1430 580 1505 necessarium
597 1454 677 1504 esse
694 1430 797 1504 duxi.

386 1544 580 1617 Librorum
591 1545 764 1640 quinque,
777 1569 870 1642 quos
882 1545 1005 1620 dehac
1017 1569 1058 1619 re
1071 1545 1386 1643 scripsit,primus

335 1666 410 1728 tres
424 1656 589 1729 continet
605 1657 848 1753 quaestiones:
866 1682 990 1747 unam,
1004 1658 1209 1755 specierum
1226 1660 1385 1757 regimi-

335 1769 392 1842 nis
415 1770 539 1859 trium,
566 1770 800 1859 morrarchiae,
826 1772 1098 1858 aristocratiae,
1124 1771 1383 1865 democratia,

336 1908 505 1981 quaenam
522 1885 570 1957 sit
586 1884 737 1981 optima.
789 1885 989 1959 Concludit
1006 1898 1130 1959 autem
1153 1885 1296 1959 nullam
1312 1887 1384 1963 ha-

335 2022 417 2070 rum
447 2000 625 2093 optimam
654 2021 745 2086 esse,
769 1998 834 2071 sed
859 2010 1040 2096 quartam,
1060 1999 1106 2071 ab
1127 1998 1185 2071 his
1208 1998 1382 2076 mixtam.

336 2110 555 2200 Secundam,
580 2135 747 2208 quaenam
776 2113 907 2186 harum
936 2111 1108 2209 regendae
1136 2111 1305 2186 ecclesiae
1330 2114 1384 2187 sit

336 2224 499 2321 optima;
530 2235 569 2296 et
597 2225 818 2298 sententiam
846 2225 920 2298 fert
949 2249 1016 2321 pro
1043 2224 1170 2313 mixta,
1197 2224 1263 2297 sed
1294 2249 1382 2321 quae

335 2337 451 2433 magis
461 2335 699 2433 participaret
709 2337 755 2410 de
767 2338 990 2411 monarchia.
1014 2336 1381 2421 Tertiamutrnmin

333 2451 403 2524 hac
433 2450 647 2523 monarchia
675 2451 800 2540 mixta,
831 2451 1042 2525 monarchae
1073 2451 1194 2524 locum
1220 2452 1382 2527 haberet

334 2565 493 2638 Sanctus
517 2565 657 2636 Petrus.
712 2563 824 2639 Quod
845 2564 893 2637 ad
916 2564 1071 2661 primam
1101 2563 1379 2639 conclusionem

333 2679 479 2765 attinet,
499 2678 839 2773 satis(cap.xv111.
857 2679 983 2773 supra)
998 2676 1288 2750 demonstratum
1307 2690 1377 2768 est,

333 2791 433 2888 quod
450 2792 489 2863 in
506 2790 607 2864 omni
624 2789 743 2863 forma
766 2790 936 2879 civitatis,
954 2790 1013 2863 cui
1032 2788 1181 2862 obedire
1207 2790 1377 2865 homines

333 2904 488 2998 obligari
519 2912 685 2998 possunt,
716 2903 909 2998 imperium
940 2926 1122 2975 summum
1152 2902 1307 2998 simplex
1337 2915 1377 2977 et

333 3016 552 3105 absolutum,
578 3039 652 3088 non
678 3016 832 3089 mixtum
859 3016 918 3089 sit.
970 3016 1013 3088 ln
1037 3015 1249 3089 monarchia
1274 3016 1375 3088 enim

332 3154 428 3202 nnus
458 3129 567 3202 homo
598 3129 712 3200 totius
744 3129 904 3201 civitatis
932 3140 1154 3224 potestatam
1182 3128 1306 3216 hahet,
1336 3140 1376 3202 et

333 3241 487 3338 proinde
505 3265 759 3337 quamcunque
782 3242 874 3314 alius
902 3252 1122 3337 potestatem
1141 3241 1295 3337 adeptus
1312 3242 1373 3331 sit,

334 3379 415 3428 eam
434 3353 588 3450 adeptus
611 3366 668 3426 est
689 3356 772 3449 jure
790 3354 897 3437 illius,
916 3367 953 3426 et
971 3354 1146 3450 quamdiu
1163 3354 1215 3427 illi
1233 3355 1374 3428 videbi·

334 3481 394 3540 tur
411 3467 624 3563 possidebit,
643 3468 735 3540 etin
753 3468 848 3541 illius
866 3469 1014 3540 nominc
1030 3479 1214 3564 potestate
1232 3492 1299 3540 sua
1315 3468 1374 3542 uti

333 3581 454 3654 debet.
497 3581 618 3653 Etiam
632 3582 670 3653 in
684 3582 913 3655 aristocratia
929 3594 967 3654 et
984 3580 1208 3654 democratia
1220 3581 1374 3656 unicum

333 3717 412 3766 esse
425 3703 561 3766 coetum
579 3716 800 3788 supremum,
814 3717 970 3789 eumque
988 3693 1142 3766 eandem
1159 3693 1295 3766 habere
1308 3718 1374 3792 po

331 3818 503 3879 testatem
530 3829 638 3900 quam
665 3805 777 3878 habet
795 3806 832 3878 in
849 3806 1061 3879 monarchia
1086 3808 1306 3891 monarcha3
1333 3821 1373 3883 et

333 3918 500 4015 proinde,
528 3941 602 3990 non
638 3917 791 3990 mixtum
825 3919 1030 4014 imperium,
1057 3920 1121 3993 sed
1150 3920 1370 3994 absolutum.

334 4033 515 4104 Praeterea
527 4030 760 4104 manifestum
774 4042 840 4121 est,
853 4033 883 4104 si
897 4033 1109 4106 monarchia
1120 4034 1243 4129 aliqua
1257 4033 1373 4109 mixta

335 4145 407 4218 dici
425 4155 558 4240 posset,
570 4144 681 4217 etiam
694 4146 892 4219 monarcha
904 4146 1035 4242 aliquis
1048 4147 1120 4220 dici
1138 4161 1261 4244 posset
1279 4149 1372 4222 mix·

334 4269 404 4330 tus.
458 4259 540 4332 Hoc
563 4271 687 4332 autem
704 4259 903 4333 absurdum
919 4274 987 4334 est.
1040 4261 1094 4334 De
1112 4261 1229 4335 tribus
1245 4275 1370 4337 autem
