2926 4980
373 378 926 433 nncrvrrarncnnrsrmnn.
1035 348 1039 359 '
1094 363 1166 427 419

133 555 252 620 tatum
270 551 432 622 omnium
456 550 704 623 institutiones
727 548 864 622 frustra
879 557 1012 635 essent,
1031 557 1068 617 et
1084 568 1167 640 pro·
1190 576 1362 626 cmm,

135 660 219 733 inde
237 687 308 757 pax
326 674 363 735 et
376 664 519 760 justitia
535 675 731 751 cessarent,
758 673 887 734 contra
912 661 1011 755 leges
1039 681 1165 730 omnes
1202 658 1351 774 Mo

134 784 214 845 tum
239 774 416 848 humanas
442 787 520 848 tum
546 774 697 847 divinas.
751 773 852 846 Nihil
878 796 966 867 ergo
984 770 1166 843 excitatis
1201 783 1354 828 metesinum

134 885 236 976 lociS,
253 913 370 984 neque
389 913 434 961 ex
451 889 533 960 ullis
550 889 740 984 scripturae
757 887 849 974 aliis
867 885 1014 983 probari
1031 894 1166 980 potest,

134 1000 349 1096 pontificum
364 1003 612 1074 Romanorum
627 1001 786 1090 decreta,
802 1011 907 1072 extra
924 998 1086 1070 dominia
1102 1020 1168 1070 sua

134 1114 361 1209 temporalia,
380 1137 459 1187 esse
476 1114 585 1208 leges.

184 1226 377 1299 Conclusio
396 1229 473 1323 ejus
489 1226 631 1313 ultima,
659 1249 801 1321 nempe,
820 1225 1057 1297 Servatorem
1084 1248 1165 1296 noa-

135 1348 232 1410 trum
239 1339 542 1432 jurisdictionem
560 1338 855 1411 ecclesiasticam
877 1337 1012 1412 nemini
1026 1337 1168 1410 commi-

64 1440 67 1450 '
135 1451 231 1523 aiace
241 1451 462 1540 immediate,
468 1462 727 1548 praeterquam
735 1452 860 1548 Pupoe,
872 1449 919 1523 ad
929 1450 1168 1545 quaestionem

135 1563 181 1635 de
198 1575 409 1660 suprematu
432 1564 678 1637 ecclesiastico
710 1565 806 1635 inter
835 1564 969 1659 Papam
998 1574 1035 1635 et
1063 1586 1166 1658 reges

136 1676 361 1749 Christianos
386 1700 461 1749 non
489 1677 659 1773 pertinet,
678 1674 743 1748 sed
771 1688 915 1748 tantum
932 1675 977 1748 ad
996 1675 1166 1770 quaestio-

136 1812 219 1861 nem
252 1790 347 1862 iuter
383 1792 515 1885 Papam
547 1801 584 1862 et
613 1790 803 1885 episcopos
836 1801 999 1863 caeteros.
1067 1788 1166 1860 Dicit

136 1913 269 1988 autem,
300 1904 430 1998 primo,
462 1900 754 1998 jurisdictionem
790 1903 1042 1998 episcoporum
1075 1924 1164 1989 esse,

135 2015 262 2088 saltem
288 2016 553 2103 universaliter,
573 2016 620 2088 de
641 2016 734 2108 jure
762 2014 899 2103 diuino,
927 2013 1058 2101 idest,
1083 2015 1166 2108 jure

136 2128 299 2201 derivato
317 2154 340 2201 a
356 2131 434 2202 Deo
451 2129 541 2224 ipso.
580 2127 639 2200 Ad
657 2127 756 2222 quod
773 2127 1003 2224 probandum
1016 2127 1166 2199 adducit

137 2242 174 2314 S.
203 2242 366 2330 Paulum,
395 2242 576 2315 dicentem
613 2243 761 2336 (Ephes.
785 2240 831 2312 iv.
859 2243 942 2333 ll):
971 2240 1013 2311 Is
1045 2240 1166 2337 igitar

137 2355 241 2427 dedit
267 2355 364 2426 ulios
387 2354 533 2451 quidem
559 2354 762 2452 apostolos,
780 2353 877 2426 alios
895 2377 981 2426 cero
1000 2353 1167 2451 prophe-

137 2478 209 2556 tas,
229 2467 326 2539 alios
340 2478 463 2540 uatem
474 2467 738 2564 evangelistas,
751 2466 847 2538 alios
858 2477 979 2540 autem
988 2476 1167 2564 pastores

136 2591 174 2653 et
192 2581 361 2654 doctores
373 2608 387 2663 ,·
404 2580 585 2674 infertque
600 2580 697 2667 iude,
715 2579 904 2675 episcopos
921 2602 1046 2651 omnes
1060 2578 1167 2673 juris·

137 2694 313 2767 dictiones
339 2717 421 2766 suas
450 2694 585 2766 habere
607 2718 630 2765 a
653 2695 736 2788 jure
762 2694 854 2776 Dci3
881 2693 991 2788 idque
1007 2715 1083 2764 non
1102 2692 1166 2762 im-

137 2808 307 2895 mediate,
325 2806 390 2880 sed
408 2831 484 2904 per
503 2807 807 2880 derivationema
826 2809 909 2902 jure
927 2806 1050 2879 divino
1068 2804 1168 2899 quod

137 2922 246 2994 habet
260 2922 367 3015 Papa.
421 2921 601 2993 Concesso
615 2931 738 2992 autem
756 2920 839 3008 hoc,
850 2919 1056 3015 jurisdictio
1071 2942 1168 3013 quae·

137 3034 320 3121 namatio,
339 3035 407 3107 etsi
426 3058 524 3106 mere
542 3034 667 3120 civilis,
687 3034 849 3130 legitima
865 3032 990 3106 existit
1016 3034 1054 3104 in
1081 3031 1168 3105 civi-

136 3157 212 3220 tate
230 3147 445 3236 Christiana,
466 3171 547 3242 quae
565 3171 638 3219 non
657 3148 704 3220 sit
720 3147 831 3220 etiam
849 3146 993 3241 dejure
1007 3145 1130 3218 divino
1145 3149 1167 3217 ,9

139 3263 286 3335 Habent
304 3264 401 3335 enim
427 3274 649 3359 potestatem
675 3285 777 3334 suam
804 3261 947 3334 civilem
973 3257 1168 3332 Christiani

136 3399 253 3471 reges,
280 3400 354 3448 non
380 3375 500 3448 minus
532 3374 742 3447 immediate
768 3399 790 3446 a
815 3374 906 3460 De0,
937 3395 1044 3467 quam
1071 3371 1169 3467 Papa

134 3488 427 3581 jurisdictionem
445 3513 547 3561 suam
565 3488 848 3561 ecclesiasticam
866 3486 912 3559 ab
939 3486 1067 3557 eodem
1091 3485 1169 3556 Deo

139 3600 272 3673 habere
296 3603 500 3698 profitetur.
564 3602 692 3697 ltaque
718 3601 767 3689 id,
794 3600 893 3696 quod
917 3599 1072 3671 ministri
1104 3620 1169 3692 per

139 3715 401 3787 authoritatem
426 3716 504 3810 ejus
529 3713 682 3803 faciunt,
708 3738 782 3786 non
801 3714 920 3785 minus
937 3714 1029 3806 jure
1046 3710 1168 3783 divino

140 3827 350 3899 immediato
366 3827 518 3916 faciunt,
537 3852 646 3923 quam
664 3826 764 3921 quod
788 3826 929 3899 faciunt
945 3849 1010 3920 per
1024 3823 1170 3896 ordina-

139 3939 277 4011 tionem
302 3938 470 4034 papalem
495 3939 654 4034 episcopi
680 3939 814 4012 caeteri.
883 3939 1047 4010 Potestas
1074 3937 1171 4008 enim

140 4051 304 4147 legitima
320 4052 475 4124 omnisa
492 4050 570 4122 Deo
588 4064 643 4123 est
659 4083 668 4134 ;
695 4052 732 4123 in
752 4075 920 4146 supremo
939 4049 1086 4145 quidem
1104 4049 1172 4120 im·

141 4178 304 4260 perante,
331 4162 558 4245 immediate;
598 4164 636 4235 in
663 4164 733 4236 illis
759 4177 882 4235 antem
913 4163 975 4256 qui
1005 4160 1173 4256 jurisdic-

142 4280 278 4352 tionem
297 4303 399 4352 suam
422 4303 444 4351 a
469 4301 555 4372 rege
581 4289 796 4372 agnoscunt,
815 4277 983 4349 mediate.
1035 4275 1173 4347 Conce-

958 4410 1055 4460 nna
