2926 4980
142 332 252 407 448„
400 346 454 400 aa
478 346 672 400 cwrnaua
693 346 956 403 cumanam.

25 546 123 597 mu,
141 536 249 585 nemo
279 524 414 608 praeter
441 515 645 604 ecclesiam,
670 516 799 606 idest,
826 527 963 612 praeter
989 514 1101 589 illum
1127 514 1191 611 qui

12 628 130 748 ὦ,
142 649 338 722 personam
351 628 448 723 gerit
465 628 641 720 ecclesiae,
652 629 691 702 id
708 641 776 718 est,
790 641 926 725 praeter
942 651 1089 725 regem,
1100 628 1192 703 sinit

12 757 131 863 aquintu-
143 738 385 813 Christianus.

12 834 120 931 Q
192 852 266 925 Sed
283 852 352 925 etsi
368 876 434 925 rex
456 852 615 926 infidelis
633 852 692 939 sit,
707 878 856 928 suorum
875 866 1000 927 tamen
1018 854 1191 928 subdito-

142 988 223 1038 rum
242 966 450 1061 quicunque
467 966 520 1040 illi
537 968 728 1057 restiterit,
745 978 877 1064 peccat
892 979 1026 1040 eontra
1041 967 1191 1053 Deum;

142 1079 229 1174 quia
246 1093 377 1153 contra
400 1080 499 1177 leges
516 1093 657 1154 naturae
674 1093 815 1176 peccat,
834 1103 916 1175 quae
933 1091 1022 1153 sunt
1039 1080 1190 1155 divina.

143 1193 276 1266 Peccat
293 1193 405 1266 etiam
422 1204 553 1266 contra
569 1193 761 1266 consilium
778 1192 1042 1288 apostolorum,
1060 1192 1192 1267 Chris·

142 1306 261 1379 tianos
290 1330 417 1379 omnes
440 1306 667 1402 principibus
689 1307 775 1394 suis,
792 1305 886 1378 filios
905 1328 1034 1379 omnes
1051 1330 1190 1402 paren-

142 1419 240 1490 tibus
270 1419 355 1507 suis
381 1431 420 1492 et
445 1443 569 1492 servos
599 1443 726 1492 omnes
754 1419 910 1492 dominis
935 1419 1011 1491 suis
1035 1421 1191 1495 obedire

142 1532 445 1627 praecipientium,
457 1531 567 1628 idque
584 1532 623 1604 in
641 1533 820 1606 omnibus.
860 1532 971 1607 Quod
987 1545 1120 1606 autem
1137 1546 1191 1609 at·

142 1644 235 1717 tinet
261 1644 308 1717 ad
338 1645 601 1718 conscientiam
631 1645 833 1733 hominum,
862 1669 944 1740 quae
970 1646 1125 1722 interna
1153 1660 1191 1721 et

141 1757 330 1830 invisibilis
356 1769 423 1847 est,
445 1768 669 1854 potestatem
696 1757 832 1831 habent
862 1782 990 1831 omnes
1016 1761 1189 1850 eandem,

141 1894 252 1965 quam
269 1870 399 1944 habuit
412 1872 577 1944 Naaman
592 1902 601 1955 ;
619 1895 739 1967 neque
755 1871 804 1944 ad
820 1872 984 1967 pericula
1000 1895 1040 1944 se
1053 1875 1190 1949 offerre

141 2007 233 2080 opus
263 1984 412 2056 babent.
475 1984 660 2057 Caeterum
688 1986 719 2057 si
744 1984 784 2057 id
810 1984 961 2074 saciant,
991 1988 1191 2081 praemium

140 2121 248 2170 suum
274 2098 313 2170 in
341 2121 455 2192 regno
486 2098 555 2171 Dei
581 2109 776 2193 expectare
803 2096 950 2185 debent,
967 2121 1038 2171 nec
1059 2124 1190 2197 regem

140 2234 246 2284 suum
276 2211 482 2306 legitimum
508 2235 696 2299 accusare,
714 2208 829 2282 multo
858 2209 979 2282 minus
1004 2213 1190 2303 occidere,

140 2335 205 2396 aut
234 2323 330 2396 bello
360 2324 542 2419 persequi.
596 2323 669 2396 Sed
694 2322 788 2418 quis,
820 2322 891 2395 etsi
921 2322 1082 2397 infidelis
1108 2351 1190 2418 rex,

140 2437 329 2511 subditum
355 2460 461 2510 suum
488 2437 608 2509 aciens
634 2459 760 2531 regem
789 2434 947 2507 alterurn
973 2459 1048 2508 non
1075 2462 1191 2526 nunc,

140 2551 205 2624 sed
230 2561 314 2647 post
336 2551 448 2626 finem
474 2550 601 2623 mundi
625 2561 831 2645 expectare,
856 2549 910 2620 ita
934 2549 1105 2645 stupidus
1132 2568 1191 2626 est

139 2677 182 2738 ut
199 2666 246 2738 ob
263 2665 363 2737 illam
380 2689 527 2737 causam
545 2687 629 2736 eum
650 2663 814 2737 occisum
832 2661 948 2734 velit?

191 2779 314 2873 Atque
331 2779 411 2851 haec
433 2778 479 2850 de
497 2802 611 2873 regno
630 2777 699 2849 Dei
717 2789 756 2848 et
772 2775 923 2871 politica
939 2774 1192 2851 ecclesiastica

143 2891 243 2965 diota
260 2893 462 2964 sufficiant:
482 2915 566 2964 cum
580 2891 655 2963 sint
673 2889 796 2962 omnia
813 2915 835 2964 a
851 2889 1050 2985 Scripturis
1064 2891 1191 2964 Sacris

143 3005 319 3094 derivata,
338 3018 450 3100 atque
469 3028 514 3076 ex
530 3004 575 3076 iis
590 3004 680 3076 locis
700 3028 782 3099 quae
801 3003 950 3076 minime
974 3003 1134 3077 obscura
1150 3024 1192 3078 et

142 3131 380 3191 controversa
398 3127 495 3207 sunt,
514 3127 551 3188 et
569 3141 681 3211 scopo
699 3117 814 3189 totius
834 3116 1032 3211 Scripturae
1053 3116 1189 3207 Saorae,

142 3254 225 3326 quae
252 3232 388 3327 scripta
414 3241 470 3303 est
496 3255 564 3327 pro
593 3230 698 3325 regni
716 3230 784 3304 Dei
808 3230 847 3302 in
871 3229 1017 3302 Christo
1034 3231 1190 3304 restitu-

142 3346 255 3434 tione,
287 3357 545 3418 consentanea.
603 3343 690 3416 Non
717 3343 815 3414 enim
840 3343 953 3415 verba
981 3341 1094 3430 nuda,
1123 3345 1191 3419 sed

142 3459 363 3554 scriptorum
398 3481 530 3553 scopus
567 3456 766 3551 Scripturis
800 3455 1026 3551 explicandis
1058 3480 1190 3531 verum

142 3573 266 3645 lumen
296 3571 471 3668 praefert:
500 3570 562 3666 qui
592 3582 717 3644 autem
749 3569 909 3642 textibus
940 3568 1189 3665 singularibus

142 3697 309 3773 utuntur,
329 3684 480 3757 consilio
510 3684 630 3778 operis
658 3683 771 3778 ipsius
797 3706 873 3754 non
899 3683 1076 3771 adhibito,
1094 3684 1189 3757 nihil

141 3801 219 3873 fere
243 3798 436 3894 perspicue
458 3797 704 3892 explicabunt,
723 3794 788 3868 sed
815 3795 1015 3892 Scripturae
1041 3799 1188 3887 atomis

141 3911 245 4008 quasi
258 3935 384 4007 sparso
397 3911 689 4007 pulvere‚0mnia
702 3910 915 3983 obscuriora
926 3911 1062 3983 facient
1076 3936 1189 4007 quam

143 4036 249 4108 sunt;
277 4026 315 4098 id
333 4025 433 4121 quod
450 4048 578 4098 eorum
596 4025 792 4097 artificium
811 4048 889 4098 esse
907 4025 1012 4113 solet,
1031 4026 1094 4120 qni
1110 4050 1188 4100 nou

142 4140 348 4228 veritatem,
366 4139 432 4212 sed
454 4163 560 4212 suum
586 4138 749 4233 ipsorum
773 4139 1060 4212 emolumentum
1085 4163 1186 4234 quae·

143 4265 243 4324 runt.
