2926 4980
348 377 401 427 on
421 332 615 429 c1vrrarn
635 375 903 429 CHRISTIANa.
1072 360 1145 426 283

105 543 231 632 corde,
249 567 341 639 qum
365 543 510 642 replevi
527 544 668 641 spiritu
679 542 909 640 prudentio,
927 551 968 613 ot
983 540 1148 638 fociant
1160 575 1360 626 cmxx„-

105 667 226 728 vestes
255 658 413 746 Aaroni,
449 658 486 729 ia
521 657 653 753 quibua
687 657 925 751 santificatur
960 652 1148 726 ministret
1162 663 1361 777 Deffim

107 770 196 841 mini
210 798 222 842 .·
250 771 313 842 ubi
334 795 471 857 rursus,
490 770 697 867 prudentia,
716 792 937 865 quamquam
954 768 993 839 in
1010 790 1050 839 re
1067 788 1147 837 ves·
1160 798 1226 862 cap
1241 783 1361 860 hebeti?

107 883 216 955 tiaria
242 894 385 955 tantum
413 887 572 980 egregia,
598 884 810 956 nominatur
835 907 858 955 a
883 882 962 954 Deo
986 880 1147 977 spiritua
1160 849 1363 970 {limi

107 996 195 1069 Dei.
248 997 387 1069 Eodem
413 1022 522 1071 sensu
541 998 721 1094 accipitur
746 977 1363 1101 spiritusExod.xxxi.1¹3;;„,·35l“=³*

108 1118 143 1198 3,
158 1118 206 1181 6:
233 1110 291 1183 Et
308 1110 457 1209 implevi
475 1137 554 1184 curn
571 1111 712 1208 spirito
737 1109 826 1198 Dei,
845 1119 914 1182 etc.
966 1108 1015 1180 Et
1032 1104 1148 1179 Exod.

107 1247 216 1294 xxxv.
229 1231 271 1294 31
289 1251 297 1293 :
319 1222 565 1320 Implevitque
582 1248 662 1295 eum
678 1222 819 1319 spirito
831 1220 919 1311 Dei,
933 1230 1003 1293 eto.
1031 1216 1150 1291 lsaiah

109 1335 157 1406 xi.
177 1348 212 1422 2,
232 1345 276 1407 3:
330 1336 386 1407 Et
403 1336 613 1432 requie-coel
638 1357 753 1432 arcper
780 1359 858 1406 eum
885 1333 1046 1430 spiritua
1070 1330 1150 1401 Do-

109 1448 208 1535 mini,
240 1448 400 1544 spirituo
429 1448 625 1544 sapientire
656 1456 694 1518 et
730 1445 954 1533 intellectam,
989 1444 1151 1542 spiritur

109 1560 257 1633 concilii
274 1560 579 1653 otfortitodiaic,
603 1560 764 1657 spiritua
790 1558 959 1632 acieotioe
976 1567 1014 1631 et
1026 1557 1152 1656 pieto-

110 1673 187 1756 tic;
215 1683 251 1745 et
268 1673 432 1770 replebit
451 1699 530 1745 eum
548 1672 710 1771 spiritua
728 1672 875 1744 timoris
893 1670 1072 1744 Domini:
1088 1669 1153 1742 ubi

110 1785 302 1859 manifeste
331 1786 587 1880 intelliguntur
613 1810 688 1858 non
714 1785 870 1858 totidem
896 1799 1053 1880 spectra,
1076 1785 1152 1856 sive

110 1899 323 1973 substantiae
355 1900 593 1994 incorporeae,
622 1899 686 1971 sed
713 1899 843 1994 gratiae
869 1898 1097 1970 excellentes,
1112 1897 1152 1969 in

110 2014 213 2086 illum
231 2037 254 2084 a
271 2014 349 2084 Deo
368 2011 602 2085 collocandae.

162 2128 204 2199 ln
223 2127 315 2198 libro
332 2125 517 2213 Judicum,
532 2125 666 2216 (Judic.
681 2125 733 2197 iii.
757 2133 800 2198 10
816 2153 824 2196 ε
844 2124 891 2196 vi.
911 2133 983 2197 34:
1010 2123 1058 2196 xi.
1078 2133 1151 2197 29:

112 2241 187 2312 xiii.
200 2250 247 2312 ⁴25
262 2267 270 2310 :
290 2240 361 2310 xiv.
373 2246 396 2309 6
410 2266 418 2309 ε
432 2239 503 2310 xiv.
517 2240 592 2329 19),
605 2238 704 2310 zelus
725 2249 762 2311 et
774 2237 953 2310 fortitudo
966 2239 1004 2309 in
1017 2237 1153 2332 populo

114 2354 182 2426 Dei
211 2352 479 2448 propugnando
511 2352 669 2447 egregia,
688 2365 842 2424 vocatur
871 2350 1033 2449 spirituc
1064 2351 1152 2423 Dei.

114 2467 168 2539 De
182 2465 302 2554 Saule,
317 2489 401 2537 cum
415 2465 647 2537 nuntiaretur
659 2465 712 2537 illi
726 2464 1021 2537 Ammonitarnm
1035 2464 1073 2535 in
1087 2464 1153 2536 ho-

111 2579 229 2652 mines
269 2602 312 2650 cx
347 2579 457 2650 labes
493 2577 622 2650 Gilead
657 2577 889 2665 contumelia,
925 2576 1063 2650 dictum
1099 2590 1155 2651 est

114 2693 147 2783 (Ι
182 2694 279 2764 Sam.
299 2693 334 2762 ii.
354 2694 393 2783 6)
423 2690 522 2787 quod
558 2690 704 2762 insiluit
738 2690 900 2787 spirituo
935 2691 1086 2762 Domini
1117 2691 1154 2763 ia

113 2804 275 2894 Saulem,
303 2830 382 2877 cum
418 2804 588 2876 nodiaaet
616 2803 731 2875 uerbo
760 2802 851 2891 hoc,
883 2812 921 2875 et
947 2803 1070 2875 irolnc
1097 2811 1156 2875 eat

98 2917 223 3013 furor
241 2921 321 3013 ejus
338 2918 459 2990 nimir.
488 2917 647 3013 intelligi
664 2928 787 2989 antem
805 2917 875 2989 hoc
888 2917 968 2989 loco
981 2916 1153 3012 phantas-

113 3055 184 3118 ma,
199 3029 393 3102 verisimile
404 3054 479 3102 non
491 3042 568 3113 est3
588 3029 652 3102 sed
664 3030 781 3101 zelum
798 3030 986 3126 ingentem
1001 3028 1156 3103 crudeli·

114 3157 229 3216 tatem
240 3141 733 3238 Ammonitarumpuniendi.
762 3143 949 3229 Similiter,
962 3166 1029 3238 per
1040 3143 1155 3240 apiri-

115 3268 189 3330 tom
206 3257 293 3345 Dei,
312 3256 374 3352 qui
391 3270 543 3328 venerat
560 3280 669 3352 super
688 3256 846 3345 Saulem,
865 3281 949 3329 cum
966 3256 1156 3353 prophetis

114 3371 291 3443 intererat
309 3369 461 3442 canticis
480 3381 516 3442 et
534 3370 675 3442 musica
686 3369 839 3442 laudans
857 3370 987 3456 Deum,
1004 3371 1037 3459 (l
1057 3370 1155 3441 Sam.

114 3485 186 3556 xix.
206 3487 285 3576 23),
303 3507 377 3555 non
405 3495 589 3578 spectrum
613 3481 844 3578 intelligitur,
870 3482 935 3555 sed
961 3483 1101 3555 subitus
1118 3496 1158 3555 et

113 3597 332 3694 improvisus
351 3597 419 3668 Dei
438 3597 581 3669 colendi
600 3596 710 3669 zeluS.

164 3712 375 3805 Interrogat
408 3714 440 3800 (Ι
466 3711 556 3805 Reg.
573 3710 660 3782 xxii.
680 3713 744 3802 24)
778 3708 977 3781 Michaiam
1003 3707 1158 3805 pseudo·

113 3825 295 3920 propheta
319 3822 520 3895 Zedekias:
554 3823 668 3895 Mene
697 3845 792 3919 ergo
825 3821 967 3894 dimisit
998 3821 1158 3919 spirituc

115 3937 277 4024 Domini,
297 3947 334 4008 et
353 3935 526 4031 loquutus
539 3946 597 4007 oct
615 3935 720 4008 tibi?
773 3934 933 4029 Intelligi
947 3947 1071 4007 autem
1088 3935 1158 4008 hoc

116 4052 161 4123 de
175 4051 430 4145 phantasmate
449 4073 522 4120 non
540 4060 673 4143 potest,
689 4048 775 4143 quia
792 4048 971 4120 Michaias
986 4061 1158 4121 eventum

114 4164 230 4258 praelii
248 4188 321 4235 nou
341 4163 387 4234 ab
407 4162 668 4260 inspiratione,
686 4161 750 4234 scd
768 4186 791 4234 a
808 4161 946 4233 cirione
964 4162 1159 4258 propheta·

115 4288 230 4348 verat.
