2926 4980
339 336 386 405 70
726 357 779 408 nn
800 357 983 412 nemun.

161 543 239 595 cur.
254 545 290 594 x.
337 543 444 594 nsum
464 522 595 619 aliquis
616 548 737 599 emere
760 527 880 600 vellet.
933 528 1055 624 Major
1071 551 1158 624 ergo
1177 527 1233 600 vel
1250 528 1371 600 minor

127 624 326 746 „omme
338 645 405 723 est,
423 646 531 730 prout
553 637 600 709 ab
624 637 704 711 aliis
720 640 934 715 aestimatur.
984 642 1069 714 Dux
1094 641 1251 713 militum
1269 665 1373 736 egre-

126 752 325 805 unacum
337 747 431 843 gius,
455 762 636 845 praescntc
656 751 714 824 vel
743 752 956 826 imminente
981 753 1089 843 bello,
1118 754 1242 849 magni
1264 754 1373 849 pretii

338 873 415 947 est;
441 862 479 935 in
502 888 593 959 pace
614 888 689 937 non
711 866 816 938 tanti.
867 866 988 939 ludex
1010 867 1152 962 peritus
1169 878 1208 938 et
1229 866 1374 962 integer

336 976 444 1071 pretii
461 976 499 1048 in
516 1000 606 1072 pace
623 978 746 1073 magni
764 990 840 1062 est;
867 1002 942 1052 non
959 978 1048 1051 item
1066 980 1104 1051 in
1121 978 1230 1052 bello.
1276 979 1373 1053 Nam

335 1101 379 1163 ut
394 1090 433 1163 in
449 1090 557 1163 rebus
574 1091 727 1180 caeteris,
744 1092 797 1165 ita
814 1092 923 1165 etiam
940 1092 979 1165 iu
997 1092 1216 1180 hominibus
1235 1116 1311 1166 non
1328 1117 1372 1166 ex

337 1202 539 1294 vendentis,
557 1204 622 1277 sed
639 1229 683 1277 ex
700 1207 855 1279 ementis
871 1206 1024 1279 arbitrio
1041 1205 1277 1279 constituitur
1292 1229 1374 1301 pre-

336 1317 441 1389 tium.
494 1317 776 1413 Quanticunque
800 1319 882 1413 quis
906 1319 1066 1414 seipsum
1088 1319 1257 1408 aestimet,
1278 1319 1372 1391 tanti

336 1440 461 1502 tamen
479 1441 546 1520 est,
565 1431 695 1526 quanti
712 1431 915 1505 aestimatnr
931 1432 977 1504 ab
995 1432 1086 1504 aliis

386 1543 623 1617 Manifestum
639 1544 760 1617 facere
774 1545 903 1640 quanti
915 1545 1074 1640 aliquem
1091 1546 1323 1636 aestimemus,
1334 1545 1374 1619 id

336 1658 455 1753 ipsum
480 1670 537 1732 est
564 1658 662 1754 quod
679 1659 866 1731 honorare
889 1669 927 1732 et
952 1659 1202 1742 inhonorare·
1228 1682 1373 1755 nempe,

336 1772 460 1867 magni
477 1771 660 1844 aestimare
681 1782 737 1844 est
754 1772 966 1854 honorare:
994 1772 1107 1868 parvi,
1122 1773 1356 1845 inhonorare.

386 1883 555 1981 Dignitas
581 1897 705 1958 autem
727 1884 942 1981 plerumque
965 1886 1160 1983 siguificat,
1182 1910 1257 1959 non
1279 1887 1374 1959 aesti·

336 1997 534 2070 mationem
545 2022 618 2093 qua
632 1997 754 2086 homo,
768 1997 833 2070 sed
847 2021 919 2093 qua
930 1998 1059 2071 civitas
1072 1998 1232 2094 aliquem
1248 1999 1371 2095 magni

336 2112 503 2202 aestimat,
522 2111 668 2206 quando
692 2112 729 2183 in
754 2110 856 2183 illum
873 2110 931 2184 vel
955 2112 1148 2208 imperium
1165 2112 1223 2185 vel
1239 2113 1373 2208 magis-

335 2235 484 2313 tratum,
511 2224 570 2297 vel
597 2224 784 2320 negotium
813 2223 1000 2320 publicum
1030 2225 1285 2320 quodcunque,
1314 2226 1372 2297 vel

336 2338 447 2411 etiam
462 2361 597 2411 nomen
613 2336 671 2410 vcl
687 2337 835 2410 titulum
852 2337 1004 2410 honoris
1017 2362 1128 2411 causa
1144 2338 1296 2411 confert.

385 2453 502 2549 Opem
512 2474 673 2547 poscere,
692 2451 872 2523 honorare
885 2460 961 2532 est;
989 2451 1075 2545 quia
1090 2450 1291 2546 potentiam
1308 2475 1371 2546 ag-

335 2567 530 2641 noscimus.

385 2678 543 2753 Obedire
561 2689 618 2750 est
634 2677 831 2760 honorare;
851 2676 937 2770 quia
949 2699 1025 2749 uon
1035 2700 1206 2772 paremus
1218 2676 1288 2749 nisi
1301 2676 1372 2750 illis

336 2793 398 2888 qui
414 2801 568 2889 possunt
577 2789 751 2887 prodesse
760 2788 818 2862 vel
835 2788 991 2862 officere.
1035 2790 1143 2862 Dona
1159 2789 1267 2862 alicui
1285 2789 1372 2862 darc

335 2927 481 2999 magua,
499 2917 555 2977 est
579 2903 785 2983 honorare;
813 2901 899 2997 quia
923 2903 1099 2998 potentiae
1125 2903 1265 2998 agnitio
1291 2916 1370 2987 est;

335 3030 374 3089 et
401 3015 621 3090 defensionis
652 3013 818 3110 quaedum
843 3015 992 3110 emptio,
1043 3014 1115 3087 Sed
1140 3039 1254 3111 parve
1271 3014 1369 3105 darc,

334 3131 554 3204 inhonorare
567 3139 644 3212 est;
671 3128 758 3224 quia
767 3126 895 3200 similis
905 3127 1144 3224 elecmosynae
1155 3139 1222 3218 est,
1233 3128 1370 3224 signifi-

335 3256 468 3339 eatque
495 3266 591 3331 eum,
612 3241 675 3338 qui
697 3240 772 3328 dat,
796 3240 898 3312 illum
926 3240 1146 3330 existimare,
1169 3241 1228 3314 cui
1250 3239 1369 3330 datur,

334 3358 445 3432 ctiam
461 3355 582 3453 parvis
598 3353 775 3450 indigere.
811 3353 856 3425 ln
872 3351 1120 3448 promovendo
1137 3353 1236 3426 bono
1252 3353 1371 3426 alieno

333 3470 500 3544 sedulum
527 3493 618 3558 esse,
644 3468 754 3541 etiam
780 3466 933 3554 adulari,
958 3467 1138 3539 honorare
1168 3480 1249 3553 est;
1285 3468 1372 3565 quia

334 3585 479 3679 signum
496 3594 551 3655 est
569 3581 668 3677 quod
683 3580 912 3676 protectione
925 3579 984 3652 vel
1000 3579 1136 3653 auxilio
1152 3581 1369 3678 indigemus.

384 3698 484 3770 Loco
508 3695 637 3768 cedere
662 3694 700 3766 in
725 3717 765 3767 re
796 3715 1013 3788 quacunque
1035 3693 1172 3790 cupita,
1189 3695 1370 3768 honorare

334 3823 412 3894 est;
440 3810 526 3904 quia
542 3807 721 3882 confessio
734 3808 909 3904 potentiae
926 3807 1085 3903 majoris.

382 3923 529 3997 Amoris
538 3922 597 3994 vel
607 3932 726 3993 metus
739 3919 874 3993 indicia
882 3918 1099 4014 patefacere,
1109 3918 1290 3993 honorare
1301 3930 1367 3991 est.

335 4039 378 4109 ln
395 4048 550 4132 utroque
565 4034 663 4107 enim
679 4047 735 4106 est
749 4032 926 4106 confessio
943 4031 1128 4127 potentiae.

384 4148 561 4235 Laudare,
588 4147 833 4242 magnificare,
851 4145 999 4217 bennum
1023 4142 1157 4234 dicere,
1174 4156 1231 4217 cst
1253 4144 1366 4216 hono-

334 4285 439 4344 rare;
471 4261 557 4357 quia
579 4261 736 4347 bonitas,
762 4257 938 4354 potentia,
967 4268 1003 4330 et
1029 4257 1183 4331 felicitas
1211 4256 1367 4330 maxime
