2926 4980
314 338 388 407 4⁵2
564 355 618 407 ne
638 356 779 408 anano
798 355 1105 412 rennananuu.

113 551 300 603 caerem.
314 533 353 594 et
379 521 442 617 qui
468 545 663 617 personam
691 523 827 595 Christi
854 522 1071 598 Christianis
1095 526 1279 601 omnibus
1306 548 1365 600 re-

119 634 271 738 „OE
313 645 523 731 praesentat,
542 660 769 730 consequens
796 648 864 725 est,
881 637 981 733 quod
999 648 1226 733 potestatem
1253 663 1364 737 rega-

116 760 267 835 ndo-libs·
314 748 385 820 lem
413 749 481 820 sub
509 749 652 822 Cirristo
679 750 930 823 universaliter
945 762 1075 847 poscat
1089 750 1269 846 pontifex
1287 752 1364 827 Ro-

118 825 293 933 iiim
315 884 465 945 manus;
492 872 530 934 et
555 861 655 957 quod
674 859 827 936 eandem
844 875 1063 959 potestatem
1080 863 1119 935 in
1136 864 1363 939 civitatibus

118 954 289 1011 mm
314 976 499 1048 nonnullis
511 988 665 1072 poscant
681 988 870 1072 pastorum
881 988 1091 1049 conventus.
1120 977 1219 1050 Sunt
1229 990 1362 1051 autem

313 1088 353 1161 hi
370 1088 432 1183 qui
450 1112 516 1184 per
532 1088 1033 1185 vehementiam'disputandi
1057 1090 1183 1162 lumen
1208 1102 1361 1166 naturae

314 1203 547 1298 extinguunt,
569 1213 763 1298 tantasque
785 1202 822 1274 in
847 1202 1034 1275 hominum
1059 1202 1252 1275 mentibus
1279 1205 1360 1278 effi-

315 1315 417 1388 ciunt
434 1315 616 1402 tenebras,
633 1325 675 1387 ut
695 1315 775 1409 quis
792 1314 852 1402 sit,
870 1315 929 1386 cui
946 1314 1196 1388 obedientiam
1213 1318 1361 1412 promi·

315 1438 438 1500 serant
455 1427 603 1515 subditi,
620 1427 744 1500 videre
761 1439 957 1524 nequeant.

365 1541 551 1613 Doctrinae
568 1554 691 1614 autem
714 1542 812 1631 huic,
830 1542 966 1637 Papam
987 1542 1216 1637 inpraesenti
1234 1544 1358 1617 eccle·

314 1655 369 1727 sia
393 1653 570 1726 vicarium
595 1655 731 1728 Christi
753 1655 995 1728 universalem
1012 1679 1103 1743 esse,
1121 1679 1358 1751 consequens

314 1779 370 1840 est
387 1767 555 1840 doctrina
571 1767 653 1855 alia,
671 1792 814 1865 nempe,
839 1771 919 1865 regi
946 1768 1154 1841 Christiano
1180 1792 1357 1844 necessa-

313 1880 409 1953 rium
434 1904 512 1953 esse
538 1880 707 1953 coronari
734 1881 780 1953 ab
806 1881 977 1976 episcopo
1002 1880 1148 1977 aliquo;
1176 1883 1287 1977 quasi
1305 1885 1354 1957 ab

314 1993 376 2066 illa
393 1993 601 2066 ceremonia
616 2005 723 2081 esset,
741 1993 840 2088 quod
864 1994 947 2088 jure
973 1993 1097 2066 divino
1121 1994 1296 2089 imperet,
1315 2010 1355 2071 et

313 2108 351 2180 in
370 2108 478 2180 titulo
495 2107 694 2180 clausulam
711 2107 806 2180 hanc
832 2106 977 2196 habeat,
1003 2106 1080 2179 Dei
1093 2107 1233 2205 gratia
1251 2131 1355 2191 rea:

314 2221 485 2320 quodque
511 2244 665 2317 regnum
690 2245 796 2294 suum
821 2244 897 2293 uon
923 2246 946 2294 a
976 2222 1054 2293 Deo
1079 2221 1252 2316 accipiat,
1279 2223 1355 2296 nisi

315 2336 439 2410 datum
452 2334 499 2407 sit
511 2357 578 2430 per
590 2334 659 2407 Dei
669 2334 857 2421 vicarium,
872 2334 1028 2430 Papam;
1047 2333 1217 2429 quodque
1228 2337 1354 2409 omnis

313 2449 504 2544 episcopus
522 2449 697 2521 Romanae
715 2447 925 2536 dioeceseon,
939 2448 1085 2543 quando
1099 2461 1353 2540 consecratur,

314 2562 479 2635 Pontifici
492 2562 657 2633 Romano
671 2562 835 2634 absolute
849 2561 1082 2634 obediturum
1095 2585 1133 2634 se
1146 2585 1224 2633 esse
1231 2563 1350 2656 juret.

312 2674 441 2747 Eidem
453 2673 629 2746 doctrinae
640 2698 866 2769 consequens
878 2687 935 2746 est
954 2674 1108 2747 Concilii
1125 2675 1353 2749 Lateranen-

313 2789 361 2860 sis
376 2787 576 2876 decretum,
588 2789 655 2859 sub
670 2787 885 2859 Innocentio
899 2787 1009 2859 tertio
1022 2792 1120 2883 (cap.
1134 2810 1198 2860 ιιι.
1214 2786 1261 2859 de
1276 2789 1354 2861 hae-

313 2900 475 2993 reticis):
505 2901 548 2971 Si
562 2925 642 2989 rea,
661 2926 685 2972 a
707 2901 815 2998 Papa
834 2900 1056 2990 adnmnitus,
1071 2925 1228 2998 regnum
1245 2924 1353 2975 auam

312 3013 360 3085 ab
378 3012 581 3085 haeresibus
599 3038 668 3085 non
687 3024 845 3112 purget,
864 3023 902 3085 et
919 3013 964 3085 ob
990 3039 1071 3085 eam
1096 3037 1176 3085 rem
1203 3038 1352 3086 cacone-

312 3126 517 3199 muaieatus
546 3151 617 3199 noa
646 3127 865 3223 satisfaciat
892 3127 995 3199 intro
1029 3150 1175 3214 annum,
1205 3125 1354 3200 subditi

312 3242 392 3334 ejus
410 3239 457 3311 ab
475 3239 694 3312 obedientiae
714 3239 858 3311 vinculo
885 3238 1140 3311 absolvantur.
1193 3240 1352 3313 Quoties

312 3352 436 3449 itaque
454 3352 550 3424 inter
576 3353 683 3448 Papae
710 3364 747 3425 et
775 3352 928 3424 aliorum
946 3352 1154 3448 principum
1173 3352 1352 3427 Christia-

312 3489 442 3537 norum
471 3465 623 3537 consilia
650 3465 927 3562 repugnantiam
946 3488 1024 3537 esse
1041 3464 1225 3561 contingit
1245 3466 1350 3560 (con-

311 3579 430 3675 tinget
463 3592 587 3652 autem
617 3581 743 3676 saepe),
780 3591 894 3652 tantae
930 3579 1099 3651 oriuntur
1132 3580 1229 3652 inter
1263 3582 1349 3653 sub-

312 3692 408 3765 ditos
438 3717 566 3789 regum
589 3694 761 3781 tenebra,
786 3703 828 3765 ut
857 3691 1042 3764 hominem
1072 3704 1276 3782 externum,
1311 3695 1349 3768 in

311 3807 485 3879 thronum
511 3805 652 3901 regium
678 3828 756 3877 sese
788 3803 1049 3891 intrudentem‚
1075 3803 1121 3876 ab
1147 3827 1191 3876 eo
1217 3804 1349 3878 distin-

312 3943 424 4016 guere
449 3919 627 4006 nesciunt,
654 3941 763 4012 quem
783 3917 851 4012 ipsi
869 3917 907 3988 in
924 3940 968 3989 eo
987 3916 1282 4003 collocaverant;
1310 3931 1349 3993 et

311 4057 388 4128 prae
430 4031 635 4105 intellectus
667 4030 833 4103 caecitate
866 4043 1033 4125 pugnant
1067 4029 1164 4103 inter
1198 4031 1348 4127 seipsoS,

312 4146 448 4217 amicos
466 4145 512 4216 ab
531 4142 686 4216 inimicis
712 4167 785 4214 non
811 4142 1092 4237 distinguentes.
1145 4142 1202 4215 Ab
1220 4144 1349 4219 eadem

312 4258 490 4347 doctrina,
509 4281 640 4352 nempe
657 4256 755 4351 quod
773 4256 926 4329 ecclesia
942 4279 1102 4351 praesens
1120 4267 1176 4328 est
1193 4281 1348 4355 regnum
