2926 4980
320 328 392 394 244
702 346 757 398 nu
777 347 1005 439 crvr‘mrm

120 537 197 587 cnr.
210 539 296 590 xxx.
320 520 360 582 et
387 510 626 605 explicentur,
644 523 682 586 et
704 513 809 608 cujus
836 513 1061 587 authoritate
1086 514 1171 589 latae
1192 515 1267 588 siut
1290 514 1355 587 do-

125 619 303 725 „ffim
321 635 471 697 oeattrr:
498 625 657 699 officium
674 625 888 722 imperantis
906 627 1017 700 estin
1039 627 1135 702 hanc
1158 652 1236 701 rem
1261 627 1355 717 loca,

124 746 294 804 minume*
322 747 499 833 tempora,
523 753 561 811 et
585 739 752 812 doctores
777 740 1010 813 constituere.
1061 742 1171 838 Apud
1195 741 1356 830 ludaeos

320 850 475 945 septimo
493 875 638 948 quoque
655 851 726 940 die,
737 853 837 947 quod
854 853 1055 927 Sabbatum
1072 855 1282 943 vocabatur,
1295 854 1355 927 lex

320 987 448 1036 eornm
465 965 579 1038 civilis
605 965 795 1060 legebatur
812 965 850 1037 iu
867 966 1016 1062 templo,
1031 967 1088 1039 vel
1106 967 1145 1039 in
1159 967 1355 1064 synagogis

320 1075 593 1172 explicabatur:
620 1076 765 1173 quodie
783 1101 806 1149 a
822 1077 1006 1152 laboribus
1024 1079 1098 1151 suis
1115 1080 1284 1152 omnibus
1300 1103 1357 1153 re·

321 1188 557 1284 quieverunt:
583 1213 649 1262 rex
661 1189 705 1263 iis
723 1190 804 1286 quis
817 1205 924 1279 esset,
937 1192 1208 1281 ostendebatur,
1223 1216 1355 1288 nempe

320 1301 444 1376 Deus:
469 1302 587 1376 Deum
613 1303 877 1378 adoraverimt:
905 1304 1023 1378 eidem
1047 1306 1186 1402 gratias
1209 1329 1276 1402 pro
1299 1330 1356 1380 re-

321 1416 530 1513 demptione
564 1440 690 1490 eornm
714 1442 737 1490 a
761 1419 936 1491 servitute
961 1419 1179 1515 AEgyptiaca
1204 1419 1356 1515 aliisque

321 1533 399 1627 ejus
425 1531 610 1603 beneficiis
639 1530 899 1604 reddiderunt:
926 1544 965 1604 et
985 1532 1134 1604 tandem
1157 1531 1256 1628 quod
1282 1531 1356 1605 diei

320 1643 501 1740 reliquum
526 1655 615 1733 erat,
632 1643 776 1739 gaudiis
801 1669 877 1718 non
902 1645 1095 1741 prohibitis
1121 1670 1355 1742 consumpse-

319 1768 418 1829 runt.
470 1757 598 1852 ltaque
624 1758 816 1852 potestatis
841 1757 910 1829 Dei
935 1758 1124 1846 absolutae,
1148 1781 1222 1831 nou
1245 1759 1355 1832 modo

319 1880 363 1943 ut
379 1869 459 1959 Dei,
477 1870 542 1943 sed
565 1869 675 1942 etiam
700 1881 742 1942 ut
759 1882 868 1966 pacto
884 1870 1094 1944 Judaeorum
1114 1871 1224 1967 regis
1238 1871 1299 1967 jus
1316 1872 1356 1944 in

321 1982 483 2079 decalogi
500 1982 626 2055 tabula
641 1982 760 2079 prima
776 1983 996 2057 continetur.

369 2099 418 2170 Et
435 2096 605 2193 quoniam
622 2120 818 2193 puerorum
840 2097 1021 2170 institutio
1037 2097 1157 2193 prima
1174 2097 1356 2193 dependet

319 2234 342 2282 a
359 2233 447 2283 cura
461 2220 654 2306 parentum
678 2233 826 2282 suorum
843 2209 1027 2282 solorum:
1055 2210 1178 2283 doceri
1193 2210 1274 2282 illos
1291 2234 1356 2282 vo-

318 2323 400 2412 luit,
418 2324 547 2419 quinto
563 2323 656 2410 loco,
672 2323 783 2413 Deus,
801 2334 843 2396 ut
869 2325 1081 2419 parentibus
1097 2347 1164 2420 pro
1181 2325 1243 2396 illo
1264 2337 1356 2394 tem-

319 2459 409 2531 pore
435 2437 637 2525 obedirent,
656 2447 694 2508 et
720 2436 759 2509 in
782 2448 999 2533 perpetuum
1024 2438 1259 2510 honorarent.
1312 2437 1356 2508 ln

318 2547 498 2643 principio
516 2549 612 2620 enim
639 2547 737 2644 apud
764 2572 889 2620 omnes
916 2561 1046 2644 gentes
1071 2561 1175 2646 pater
1196 2549 1234 2621 iu
1260 2547 1355 2619 filios

319 2685 498 2733 summam
523 2660 651 2734 habuit
672 2673 903 2757 potestatem,
920 2663 1078 2758 vitaeque
1101 2661 1273 2756 necisque
1295 2685 1353 2733 ar-

319 2774 479 2848 bitrium.
532 2776 672 2871 ltaque,
700 2776 768 2848 etsi
796 2776 835 2848 in
860 2775 1121 2848 constituendis
1147 2774 1355 2847 civitatibus

318 2887 490 2982 potestati
507 2888 572 2960 tali
588 2887 791 2960 necessario
808 2898 930 2983 patres
948 2888 1237 2961 renuntiaverint
1252 2919 1261 2971 ;
1289 2888 1355 2959 ho-

319 3023 448 3072 norem
465 3013 588 3072 tamen
611 3010 761 3096 propter
777 3000 952 3073 alimenta
968 3013 1005 3073 et
1023 3000 1276 3073 educationem
1294 2999 1356 3071 de-

320 3110 437 3184 bitum
450 3112 702 3208 derelinquere
716 3113 960 3184 necessarium
974 3137 1048 3185 uon
1061 3124 1151 3186 erat.
1189 3112 1357 3185 Officium

320 3247 408 3320 ergo
434 3224 645 3321 imperantis
676 3235 744 3314 est,
774 3236 815 3297 ut
844 3225 1058 3298 mandatum
1088 3227 1158 3298 hoc
1192 3225 1357 3321 decalogi

320 3337 488 3433 quintum
505 3337 679 3410 imitetur.

369 3451 494 3541 Porro,
512 3451 671 3523 officium
688 3451 900 3546 imperantis
918 3465 974 3525 est
998 3463 1040 3524 ut
1057 3453 1153 3524 cives
1174 3451 1356 3548 justitiam

320 3562 542 3636 doceantur:
568 3563 608 3636 id
634 3575 701 3652 est,
728 3577 770 3635 ut
796 3565 926 3660 primo,
945 3590 991 3638 ne
1017 3567 1096 3661 quis
1121 3566 1210 3639 civis
1238 3565 1355 3638 civem

319 3675 431 3748 alium
461 3676 605 3750 occidat
634 3688 698 3749 aut
723 3678 868 3772 corpori
903 3679 1075 3751 damnum
1105 3679 1250 3767 inierat,
1278 3679 1356 3751 sine

320 3789 543 3862 authoritate
567 3790 733 3885 publica:
761 3791 859 3886 quod
883 3805 939 3864 est
965 3793 1175 3866 mandatum
1201 3802 1354 3865 sextum.

318 3902 486 3975 Violatur
512 3913 634 3974 autem
664 3926 739 3974 non
764 3903 873 3976 modo
894 3905 939 3977 ab
966 3906 1021 3995 iis,
1040 3906 1103 4001 qui
1120 3905 1204 3978 dolo
1223 3917 1297 3995 aut,
1314 3915 1357 3977 ut

319 4015 433 4105 aiunt,
446 4016 602 4111 turpiter
618 4015 856 4117 interficiunt,
868 4018 932 4090 sed
950 4020 1061 4091 etiam
1078 4019 1123 4091 ab
1141 4018 1196 4107 iis,
1209 4019 1271 4113 qui
1287 4019 1357 4090 hoc

318 4127 439 4200 facere
458 4153 496 4201 se
514 4128 718 4201 necessario
732 4129 859 4201 tuendi
872 4131 1021 4205 honoris
1036 4155 1144 4204 causa
1162 4130 1354 4204 dictitant:

319 4240 627 4338 homicidiumque
642 4253 698 4314 est
710 4253 791 4314 tota
799 4243 863 4315 illa
875 4269 1051 4318 vanorum
1067 4245 1257 4318 hominum
1273 4267 1357 4340 pro·

319 4354 528 4428 vocantium
545 4354 592 4429 ad
617 4354 760 4450 gladios
781 4358 1030 4443 consuetudo;
1057 4381 1168 4452 quam
1191 4358 1357 4431 civitates
