2926 4980
349 357 414 423 194
713 371 766 423 nu
786 372 984 425 c1v1rnrn.

142 571 220 621 cnr.
231 569 317 621 xxv.
344 562 411 611 cue
436 539 537 635 loqui
562 552 600 613 et
623 541 727 612 firme
750 541 970 614 ratiocinari.
1034 539 1163 637 ltaque
1192 540 1372 614 illationes

162 651 303 686 ..Ὺ-α

164 714 198 759 De
207 713 303 759 oonsilio

345 653 558 742 temerariae‚
577 654 699 749 quales
717 667 803 726 sunt
820 655 1003 727 illationes
1022 655 1066 726 ab
1085 654 1308 727 authoritate
1329 653 1373 724 li-

344 767 505 854 brorum,
519 766 682 840 obscurae
693 779 731 840 et
744 767 944 863 ambiguae;
963 767 1050 839 item
1067 766 1247 840 dictiones
1261 779 1374 840 meta-

345 878 514 975 phoricae,
538 889 577 952 et
601 904 683 976 quae
707 881 891 976 passiones
916 880 1100 952 hominum
1128 881 1289 953 excitare
1315 903 1373 952 so·

345 992 444 1075 lent;
470 1016 554 1064 cum
582 992 700 1065 officio
731 992 925 1066 consiliarii
954 993 1040 1065 boni
1070 993 1269 1066 consistere
1299 1015 1373 1065 non

346 1116 511 1200 possunt.

395 1217 532 1302 Tertio,
549 1217 779 1311 quoniam‚ut
789 1217 869 1313 quis
881 1218 1070 1290 consilium
1083 1217 1222 1291 civitati
1232 1230 1374 1291 rectum

347 1331 434 1404 dare
449 1330 573 1426 possit,
591 1354 664 1403 non
683 1330 791 1403 modo
809 1331 1031 1425 experientia
1047 1330 1172 1419 multa,
1188 1331 1374 1405 sedetiam

325 1443 585 1517 -meditatione
610 1444 720 1538 longa
737 1467 827 1539 opus
845 1455 901 1516 est
916 1474 925 1527 ;
952 1467 1020 1516 nec
1038 1468 1119 1539 quae
1137 1444 1184 1517 ad
1201 1444 1374 1518 adminis-

349 1558 543 1632 trationem
572 1556 754 1652 publicam
782 1557 985 1629 necessaria
1011 1569 1107 1643 sunt,
1133 1557 1257 1629 omnia
1281 1557 1374 1630 scire

350 1670 720 1768 quisquampraesumi
734 1669 857 1753 debet;
876 1670 1120 1743 consiliarium
1137 1672 1287 1760 bonurn,
1305 1671 1375 1744 nisi

350 1784 447 1858 circa
463 1807 521 1856 res
538 1783 576 1856 in
594 1784 724 1878 quibus
741 1783 802 1856 diu
821 1795 981 1857 versatus
998 1783 1108 1857 fuerit
1125 1783 1224 1857 etde
1245 1784 1376 1880 quibus

351 1897 413 1970 diu
439 1897 664 1992 cogitaverit,
687 1896 869 1970 neminem
890 1920 970 1969 esse
992 1898 1286 1992 praesumendum
1308 1909 1375 1970 est.

271 2037 275 2045 ·
351 2010 410 2082 Ad
426 2009 774 2083 administrationem
792 2022 916 2083 autem·
935 2011 1117 2106 publicam
1142 2011 1237 2084 scitu
1253 2035 1378 2084 neces-

352 2123 446 2196 saria
458 2133 554 2210 sunt,
567 2122 767 2212 hominum,
785 2122 823 2194 id
839 2134 905 2210 est,
923 2124 1084 2196 materiae
1098 2148 1143 2196 ex
1161 2148 1233 2220 qna
1249 2124 1377 2197 civitas

353 2235 598 2324 constituitur,
638 2235 836 2330 ingenium,
874 2237 959 2332 jura
991 2260 1141 2309 summae
1174 2236 1378 2332 potestatis,

353 2373 509 2446 aequum,
517 2350 667 2443 justum,
681 2348 885 2433 honesturn,
899 2361 1072 2421 eteorum
1086 2351 1281 2439 contraria,
1293 2349 1380 2446 quid

355 2463 447 2546 sint;
466 2486 547 2558 quae
564 2461 716 2534 multam
727 2461 924 2557 postulant,
938 2472 979 2534 nt
990 2472 1087 2534 recte
1100 2475 1379 2557 cognoscantur,

355 2574 630 2670 experientiam:
657 2574 758 2659 item,
779 2597 860 2669 quae
880 2575 954 2647 sint
970 2589 1045 2647 tam
1063 2599 1150 2661 suae,
1170 2600 1280 2672 quam
1294 2576 1380 2648 vici-

355 2712 482 2760 narum
507 2687 694 2760 civitatum
711 2687 818 2772 vires
843 2711 939 2782 opes,
966 2688 1146 2783 praesidia,
1175 2690 1318 2779 classes
1345 2699 1383 2762 et

356 2801 671 2898 opportunitates;
707 2802 827 2888 etiam,
845 2801 907 2895 qui
937 2800 1037 2887 socii,
1065 2801 1127 2895 qui
1154 2802 1287 2891 aditus,
1318 2803 1382 2898 qui

355 2916 520 3003 affectus
548 2939 629 3010 quae
654 2914 842 3002 factiones
871 2923 907 2985 et
938 2937 1020 3007 quae
1049 2915 1189 3008 agitent
1219 2915 1380 2988 consilia.

358 3029 522 3102 Quarum
540 3051 659 3099 rerum
677 3028 753 3100 sine
772 3025 966 3098 multorum
987 3025 1092 3098 simul
1110 3026 1299 3099 hominum
1317 3029 1382 3101 ob-

358 3141 621 3213 servationibus
638 3140 797 3235 cognitio
815 3139 940 3211 haberi
956 3162 1029 3210 non
1047 3151 1178 3233 potest.
1216 3140 1382 3237 Denique

358 3254 505 3351 cognita
517 3255 596 3327 haec
611 3254 743 3343 omnia,
758 3253 826 3325 nisi
844 3264 946 3326 recta
957 3253 1172 3325 adhibeatur
1188 3254 1382 3328 ratiocina-

357 3369 421 3455 tio,
440 3366 582 3439 inntilia
607 3376 702 3440 sunt.
754 3366 852 3439 Utile
882 3366 979 3438 enim
1002 3365 1178 3438 nescienti
1200 3378 1300 3441 recte
1316 3367 1381 3456 uti,

357 3480 447 3553 nihil
464 3491 529 3552 est.

408 3593 561 3681 Quarto,
575 3606 618 3663 ut
632 3591 711 3688 quis
725 3591 763 3664 in
776 3593 882 3664 rebus
895 3591 1042 3663 maximi
1056 3592 1232 3664 momenti
1243 3591 1384 3665 civitati

358 3707 534 3795 consulat,
552 3705 684 3779 vidisse
702 3706 811 3778 debet
836 3704 990 3777 civitatis
1021 3705 1179 3792 archiva,
1204 3704 1384 3776 foederum

357 3820 558 3893 vicinarum
582 3817 771 3890 civitatum
803 3817 1031 3911 exemplaria,
1066 3817 1384 3914 ministrorumque

359 3933 406 4006 ad
433 3931 599 4005 civitates
632 3931 769 4003 vicinas
794 3929 842 4001 ad
863 3953 987 4001 earum
1017 3929 1167 4001 consilia
1193 3931 1384 4025 exploran-

360 4045 408 4117 da
434 4045 645 4118 emissorum
670 4043 805 4114 literas.
875 4041 966 4114 Quae
987 4042 1124 4114 nemini
1148 4053 1283 4137 praeter
1311 4067 1384 4128 eos,

362 4182 451 4254 quos
478 4157 557 4230 vult
583 4156 613 4228 is
641 4155 703 4251 qui
730 4175 907 4227 summam
929 4153 1039 4227 habet
1066 4166 1298 4249 potestatem,
1332 4157 1384 4228 vi-

363 4270 448 4344 dere
472 4270 688 4368 permissum
714 4281 769 4342 est
783 4299 792 4351 ;
828 4267 880 4340 ita
895 4281 948 4357 ut,
966 4269 1036 4340 nisi
1053 4269 1115 4364 qui
1132 4268 1179 4342 ad
1196 4270 1385 4343 consilium
