2926 4980
326 336 398 400 456
595 353 646 402 nn
667 353 808 405 anano
826 354 1129 409 rnnnnaaauu.

112 548 190 599 car.
206 548 301 601 xciv,
325 517 540 591 affirmando
557 543 708 614 porrum
725 533 766 619 et
780 545 880 618 cepe,
891 546 974 618 quae
987 524 1203 615 adorabant,
1213 548 1376 622 porrum

129 636 345 735 ,me
348 640 469 727 tcepe
487 632 641 728 amplius
656 657 731 707 non
760 657 838 707 esse
867 648 954 731 post
979 637 1289 727 incantationem,
1308 639 1377 713 sed

126 757 279 879 {aaut
324 744 483 816 Deum
474 769 592 840 1psum
621 746 689 819 sub
715 747 855 820 olerum
880 748 1025 822 illorum
1055 750 1191 846 specie.
1244 752 1377 827 Verba

127 822 306 931 elladii.
323 855 397 944 illa,
415 855 484 928 hoc
501 867 558 930 est
575 881 713 955 corpus
729 869 898 932 meamet
919 861 981 933 lic
1000 871 1057 933 est
1073 862 1234 960 sanguia
1252 886 1374 954 meae,

127 949 300 1009 &filma
323 969 545 1065 aequivalent
570 971 638 1057 his,
669 972 738 1045 hoc
760 972 967 1071 siguificat,
994 974 1070 1047 sive
1094 987 1374 1073 repraesentat,

323 1107 461 1180 corpas
478 1092 516 1156 et
532 1085 751 1182 sanguinem
769 1109 910 1169 meam
930 1099 969 1160 et
984 1088 1103 1184 figura
1118 1087 1273 1183 quidem
1292 1114 1373 1164 ser-

323 1197 440 1269 monis
474 1208 530 1269 est
556 1197 816 1282 usitatissima;
843 1224 952 1296 quam
985 1200 1186 1273 secundum
1215 1201 1372 1277 literam

322 1309 566 1404 interpretari,
591 1311 790 1406 Scriptura
816 1312 950 1385 abusus
980 1325 1086 1387 esset.
1138 1314 1371 1411 Quanquam

322 1434 445 1494 autem
478 1423 732 1519 interpretatio
766 1425 850 1498 talis
884 1426 1152 1516 admitteretur,
1181 1429 1371 1525 applicari

322 1546 444 1608 tamen
472 1537 558 1633 paui
588 1537 644 1609 vel
680 1539 861 1634 sanguini,
892 1550 1137 1635 praeterquam
1164 1540 1219 1613 illi
1250 1566 1369 1638 quem

322 1650 488 1724 Christus
506 1651 674 1726 manibus
687 1653 843 1749 propriis
860 1653 1098 1739 consecravit,
1115 1653 1207 1727 nulli
1224 1668 1366 1751 potest

322 1761 407 1834 Non
420 1763 514 1836 enim
531 1764 576 1837 dc
592 1789 687 1860 pane
698 1789 927 1860 quocunque,
940 1776 978 1838 et
995 1765 1040 1838 de
1053 1765 1244 1839 sacerdote
1259 1768 1367 1841 omni

321 1876 384 1973 qui
400 1877 656 1972 pronuntiaret
672 1877 734 1949 illa
750 1879 872 1960 verba,
891 1879 959 1952 ltoc
987 1889 1045 1951 est
1068 1902 1204 1976 corpas
1231 1905 1366 1970 meam,

320 1989 688 2064 transubstantiatum
706 1991 751 2064 iri
776 1990 869 2064 dixit
896 1990 1077 2065 Christus.
1141 1991 1272 2087 Neque
1300 2019 1365 2069 ec-

319 2104 430 2177 clesia
448 2104 613 2176 Romana
629 2104 710 2200 ipsa
730 2102 934 2176 doctrinam
951 2104 1061 2177 talem
1079 2103 1255 2177 stabilivit
1272 2120 1364 2183 ante

319 2218 574 2291 Innocentium
592 2219 753 2307 tertium,
772 2218 896 2307 idest,
914 2220 1020 2292 annis
1037 2218 1188 2291 abhinc
1206 2219 1364 2297 circiter

318 2334 540 2431 quingentis
559 2334 705 2430 quando
728 2346 890 2431 potestas
914 2335 1054 2431 papalis
1080 2336 1239 2410 maxima
1265 2353 1361 2430 erat,

317 2461 356 2520 et
373 2449 535 2520 tenebrae
552 2447 854 2543 profundissima.

367 2561 485 2633 Simili
506 2561 754 2634 incantatione
779 2562 836 2634 usi
862 2572 947 2634 sunt
965 2561 1171 2634 sacerdotes
1188 2564 1361 2639 ccclesiae

317 2675 492 2746 Romanae
522 2675 560 2746 in
587 2686 815 2747 sacramento
842 2674 1024 2770 baptismi,
1042 2688 1085 2747 ut
1101 2674 1225 2747 videre
1242 2689 1301 2750 est
1318 2679 1359 2751 in

316 2787 437 2858 rituali
455 2787 630 2875 Romano,
643 2788 704 2858 ubi
722 2787 867 2858 nomine
881 2787 961 2875 Dei,
973 2787 1174 2876 Trinitatis
1186 2800 1223 2861 et
1241 2791 1358 2864 trium

314 2924 563 2995 personarum,
576 2910 613 2972 et
624 2900 728 2995 signo
743 2900 861 2972 crucis
878 2899 925 2971 ad
942 2901 1254 2973 incantamentum
1265 2905 1358 2977 abu-

313 3024 452 3086 tuntur.
506 3015 559 3086 Ut
576 3013 705 3109 primo,
724 3014 761 3085 in
790 3038 884 3109 aqua
914 3014 1162 3086 consecranda
1182 3016 1356 3091 sacerdos

313 3126 415 3210 dicit,
441 3127 664 3220 conjurare,
693 3135 870 3197 creatura
900 3150 1017 3222 aquae,
1045 3126 1249 3199 innomine
1276 3130 1356 3202 Dei

313 3239 447 3310 Patris
479 3238 752 3334 omaiqrotentis’,
781 3248 819 3310 ct
845 3239 883 3310 ia
913 3238 1054 3310 nomiae
1081 3237 1173 3311 Jeaa
1204 3238 1355 3315 Christi

300 3351 384 3444 filii
409 3351 468 3421 sai
485 3351 585 3422 vinici
598 3351 750 3422 Domini
768 3352 899 3440 nostri,
917 3361 954 3422 ct
973 3352 1010 3422 in
1027 3353 1165 3424 virtute
1184 3352 1353 3450 Spiritaa

313 3465 443 3536 Sanct'
413 3475 454 3553 tr,
473 3489 495 3534 a
499 3465 612 3557 tfiaa
635 3488 735 3560 aqrra
763 3465 973 3559 conjurata,
993 3465 1047 3536 ad
1062 3473 1278 3562 potestates
1297 3469 1353 3539 ia-

312 3579 411 3651 imicr
405 3577 639 3674 abigendas
656 3588 695 3649 et
712 3577 1052 3666 eradicandac,tc
994 3587 1063 3650 etc.
1116 3579 1321 3669 Secundo,
1311 3606 1350 3654 m

310 3691 394 3764 salis
412 3716 495 3763 cum
512 3714 608 3785 aqua
624 3690 800 3762 miscendi
817 3689 1091 3773 bencdictione3
1119 3717 1141 3762 a
1144 3692 1258 3784 tfiaa
1289 3695 1354 3766 rat

311 3806 553 3900 conjuratam,
572 3825 643 3898 qao
655 3802 927 3899 phantasmata
953 3802 1085 3888 omnia,
1104 3813 1142 3874 et
1157 3789 1350 3899 fraudant

310 3915 453 3987 {trabali
482 3912 700 4011 improbitas
716 3912 859 4010 fugiat
882 3913 1066 4008 abeatque
1084 3938 1108 3984 a
1125 3913 1206 3986 loco
1224 3915 1262 3987 r'n
1276 3941 1350 4012 qao

308 4030 535 4127 .rpargeria;
564 4036 674 4124 atque
691 4027 852 4123 spiritus
870 4025 985 4097 omnis
1005 4025 1205 4101 intruendas
1224 4031 1349 4123 conja-

308 4152 417 4213 Μία-ν
435 4142 486 4213 sit
503 4166 573 4236 per
592 4165 670 4212 eam
688 4140 753 4236 qai
771 4138 890 4210 veniet
914 4137 967 4210 ad
981 4139 1228 4232 judicandam
1246 4144 1348 4215 cioca

307 4263 344 4324 et
361 4264 533 4326 mortuos.
586 4251 723 4340 Tertio,
748 4252 785 4323 in
808 4251 1062 4324 benedictione
1089 4253 1184 4337 olci3
1213 4267 1253 4328 at
1273 4280 1346 4352 po-
