2926 4980
321 349 388 414 loo
703 364 757 416 nn
777 364 982 417 crvrmnn.

119 562 196 612 car.
211 563 287 614 xm.
318 545 418 617 tione
446 567 528 639 quae
553 544 771 641 intelligitur
797 571 842 619 ex
863 549 938 620 fine
961 547 1201 620 institutionis
1228 547 1359 620 civilis

135 647 278 750 Μ
320 656 478 731 Quando
497 681 584 753 ergo
599 660 745 754 negatio
761 661 981 734 obedientiae
991 661 1102 734 finem
1117 661 1361 734 institutionis

136 771 224 814 filum·
319 770 477 842 civitatis
494 770 717 844 frustaneam
734 773 835 861 facit,
854 773 1004 846 libertas
1034 773 1227 846 recusandi
1259 773 1362 846 nulla

320 896 399 967 est;
426 883 562 978 alioqui
579 883 750 958 libertate
767 910 833 959 sua
849 886 1008 958 naturali
1025 886 1081 958 uti
1097 898 1232 981 potest.

370 998 510 1092 Itaque,
529 998 558 1069 si
577 999 656 1094 quis
676 998 849 1094 jubeatur
866 1011 997 1072 contra
1011 999 1154 1072 hostem
1171 999 1361 1095 publicum

319 1134 495 1207 pugnare,
525 1134 745 1208 quanquam,
768 1112 798 1185 si
825 1124 981 1201 recuset,
998 1114 1173 1209 potestati
1204 1137 1361 1186 summae

318 1222 495 1319 puniendi
513 1247 597 1295 eum
614 1248 688 1297 non
703 1224 798 1298 desit
804 1227 877 1322 jus,
895 1236 1018 1322 potest
1028 1236 1151 1299 tamen
1163 1225 1362 1322 aliqnando

319 1337 397 1408 sine
415 1335 596 1431 injustitia
613 1359 803 1419 recusare;
826 1351 869 1410 ut
894 1339 1042 1434 quando
1062 1339 1175 1411 alium
1204 1339 1362 1412 militem

320 1474 394 1523 non
413 1450 533 1522 minus
552 1449 723 1524 idoneum
735 1452 943 1534 substituit;
962 1453 1160 1524 tuncenim
1172 1452 1361 1526 civitatem

321 1563 554 1638 nondeserit.
607 1564 987 1653 Praeterea,asummo
999 1567 1081 1661 jure
1092 1564 1361 1638 detrahendum

321 1688 377 1751 est
395 1677 535 1773 aliquid
557 1691 710 1775 propter
727 1680 957 1775 quorundam
976 1678 1166 1752 hominum
1183 1678 1361 1751 timidita-

320 1802 396 1864 tem
420 1791 638 1881 naturalem,
660 1816 735 1864 non
769 1792 887 1864 solum
917 1792 1149 1874 feminarum,
1177 1816 1199 1864 a
1228 1792 1361 1887 quibus

322 1905 441 1978 officia
473 1905 568 1977 tanti
598 1904 752 2000 periculi
786 1928 974 2000 nunquam
1007 1915 1259 2000 expectantur,
1295 1904 1362 1977 sed

323 2021 434 2092 etiam
447 2019 608 2092 virorum
623 2018 754 2113 quibus
764 2018 906 2091 animus
917 2017 1114 2091 femininus
1127 2030 1194 2091 est.
1233 2019 1361 2092 Quan-

323 2133 370 2205 do
388 2132 554 2228 praelium
573 2132 827 2221 committitur,
844 2131 933 2228 fuga
967 2131 1116 2204 tandem
1141 2133 1185 2204 fit
1214 2132 1260 2204 ab
1286 2154 1362 2203 una

322 2246 381 2318 vel
404 2246 520 2318 altera
545 2256 672 2342 parte;
701 2246 732 2318 si
765 2257 888 2318 tamen
913 2269 1034 2317 nona
1062 2245 1227 2340 perfidia,
1245 2244 1310 2317 sed
1339 2269 1363 2317 a

322 2373 424 2432 metu
440 2359 529 2456 fuga
547 2359 675 2449 oritur,
693 2384 768 2432 non
792 2359 930 2455 injuste
946 2357 1073 2454 fugere
1091 2358 1276 2447 dicuntur,
1295 2356 1361 2430 sed

323 2473 480 2570 turpiter
496 2473 555 2545 vel
570 2473 776 2546 inhoneste.
829 2473 983 2568 Propter
994 2472 1148 2544 eandem
1165 2472 1360 2559 rationem,

324 2587 355 2658 si
374 2587 454 2683 quis
471 2586 639 2681 praelium
657 2597 812 2659 conetur
829 2586 977 2672 evitare,
996 2584 1175 2680 injustitia
1192 2607 1268 2656 non
1292 2595 1361 2673 est,

324 2699 388 2772 sed
406 2700 562 2795 ignavia.
614 2700 865 2772 Veruntamen
878 2698 940 2793 qni
951 2697 1104 2769 militem
1123 2721 1161 2769 se
1180 2698 1361 2769 conscribi

320 2811 649 2907 jubet,timiditatis
661 2810 836 2885 naturalis
848 2810 1120 2882 excusationem
1130 2809 1362 2905 perdit,obli-

323 2937 505 3020 gaturque
519 2949 593 2997 non
610 2925 721 2997 modo
738 2924 905 3020 praelinm
923 2923 1027 3011 inire,
1047 2923 1232 2996 sedetiam
1246 2924 1362 2998 invito

324 3037 478 3110 ductore
496 3062 561 3110 suo
578 3062 653 3110 non
677 3038 815 3134 fugere.
871 3035 1029 3111 Quando
1048 3047 1169 3108 autem
1198 3035 1362 3109 defensio

323 3150 481 3222 civitatis
495 3150 629 3222 civium
653 3151 761 3223 simul
787 3151 949 3223 omnium
966 3173 1039 3221 uno
1063 3160 1100 3221 et
1123 3148 1250 3221 eodem
1268 3160 1362 3222 tem-

323 3287 412 3360 pore
430 3263 605 3335 auxilium
623 3266 797 3360 postulat,
822 3263 1082 3359 unnsquisque,
1101 3262 1163 3358 qui
1182 3263 1239 3335 vel
1259 3288 1363 3337 arma

323 3390 467 3472 gestare
485 3389 608 3472 potest
624 3378 682 3450 vel
695 3378 744 3451 ad
760 3377 952 3451 victoriam
970 3375 1109 3471 aliquid
1126 3377 1363 3471 quantulum-

324 3514 468 3586 cunque
496 3491 741 3578 contribuere,
758 3492 806 3564 ad
836 3490 1006 3562 militiam
1033 3489 1239 3584 obligatur;
1276 3492 1364 3587 quia

323 3604 471 3699 alioqui,
489 3603 672 3678 institutio
690 3605 860 3692 civitatis,
886 3626 995 3698 quam
1021 3626 1236 3676 conservare
1264 3605 1363 3679 cives

325 3718 454 3788 nolunt
471 3717 529 3789 vel
547 3742 621 3790 non
635 3719 785 3807 audent,
803 3741 898 3789 vana
915 3735 1020 3789 esset.

376 3830 515 3903 Contra
533 3855 635 3904 arma
652 3831 820 3917 civitatis,
840 3828 1058 3902 defendendi
1076 3828 1224 3901 alterius
1252 3854 1364 3903 causa

326 3945 401 4016 sive
414 3944 581 4016 nocentis
598 3945 674 4016 sive
692 3943 908 4030 innocentis
923 3966 1025 4014 arma
1036 3965 1190 4030 sumere,
1205 3942 1362 4015 liberum

325 4057 463 4128 nemini
491 4070 568 4140 est;
596 4058 682 4152 quia
711 4057 859 4129 libertas
887 4055 970 4127 talis
998 4078 1177 4126 summam
1209 4055 1362 4128 habenti

325 4183 545 4265 potestatem
574 4170 695 4243 media
715 4171 761 4242 ad
792 4168 1039 4241 defensionem
1070 4168 1202 4240 civium
1230 4169 1361 4256 aufert,

326 4284 514 4378 ipsamque
527 4283 684 4356 civitatis
698 4283 890 4356 essentiam
904 4280 1070 4353 destruit.
1111 4279 1210 4355 Quid
1224 4295 1361 4368 autem,
