2926 4980
113 551 191 601 CAP.
210 551 234 602 l.

99 632 242 667 bv«

116 693 151 736 De
160 706 233 737 senari.

284 338 308 400 6
676 358 730 409 ns
750 359 933 411 souma.

285 522 553 617 eontrapressio
588 545 653 594 seu
691 522 866 614 ἀντιτυπία,
904 525 980 598 sive
1015 537 1169 599 conatus
1203 527 1324 601 cordis

252 645 257 655 ’
287 633 521 708 deliberantis
551 659 590 708 se
608 660 631 708 a
646 636 834 732 pressione
857 663 925 735 per
951 652 1093 712 motum
1111 640 1321 713 tendentem

286 758 493 820 extrorsum
508 778 517 830 ;
545 747 608 845 qui
625 761 746 822 motus
763 762 960 848 propterea
976 764 1130 849 apparet
1147 765 1324 849 tanquam

284 860 424 955 aliquid
441 871 644 934 externum.
679 863 803 957 Atque
820 865 1001 960 apparitio
1019 865 1098 938 haec
1116 865 1192 939 sive
1209 867 1324 962 phan-

285 986 403 1046 tasma
414 988 470 1046 est
482 973 521 1046 id
534 975 634 1071 qnod
644 1000 818 1049 vocamus
833 978 1057 1060 sensionem:
1084 989 1132 1064 et,
1145 992 1324 1075 quantum

284 1087 332 1159 ad
353 1088 511 1176 oculum,
530 1087 649 1161 lunen
674 1088 809 1162 dieitur
826 1091 884 1163 vel
910 1089 1012 1162 color
1024 1118 1038 1174 ;
1065 1089 1165 1187 quod
1189 1090 1324 1164 attinet

284 1200 331 1272 ad
363 1225 500 1290 aurem,
529 1226 668 1286 sonan
694 1203 741 1275 ad
770 1227 889 1293 neree,
921 1203 1044 1288 odom
1070 1204 1118 1277 ad
1147 1204 1321 1300 palatum,

284 1338 402 1412 sopor
413 1342 428 1399 ;
454 1327 492 1388 et
508 1316 554 1388 ad
572 1317 752 1412 reliquum
775 1341 920 1414 corpus,
939 1317 1058 1406 calor,
1074 1317 1230 1415 frigus,
1256 1317 1323 1389 dn-

285 1425 406 1518 rities,
424 1427 612 1519 mollities,
630 1443 668 1503 et
696 1442 829 1503 caetera
855 1430 1079 1527 pertinentia
1101 1429 1149 1501 ad
1176 1453 1324 1502 sensum

285 1549 409 1612 taetus
424 1568 438 1613 .·
482 1565 563 1637 quae
599 1543 791 1637 qualitates
826 1566 952 1616 omnes
986 1541 1167 1614 nominari
1205 1542 1324 1614 solent

283 1652 493 1741 sensibiles,
511 1664 549 1727 et
565 1666 651 1727 sunt
668 1656 706 1727 in
731 1656 810 1752 ipso
834 1657 979 1752 objeoto
996 1655 1088 1728 nihil
1113 1655 1213 1728 aliud
1229 1680 1324 1752 prae-

284 1777 342 1838 ter
359 1767 520 1840 materiae
537 1780 690 1858 motum,
709 1793 781 1865 quo
807 1770 993 1865 objectum
1017 1767 1057 1841 in
1083 1792 1222 1862 organa
1244 1791 1324 1840 sen·

284 1903 391 1952 suum
410 1880 654 1954 diversimode
680 1893 863 1978 operatur,
880 1905 1000 1976 neque
1027 1881 1065 1953 in
1092 1881 1196 1952 nobis
1224 1881 1324 1954 aliud

284 2006 369 2066 sunt
387 2018 498 2090 quam
515 1993 648 2067 diversi
664 2008 798 2069 motus.
851 1996 976 2068 Motus
990 1994 1087 2068 enim
1103 1993 1196 2066 nihil
1212 2019 1324 2090 gene-

284 2117 342 2178 rat
354 2119 489 2202 praeter
506 2118 660 2192 motum,
678 2118 716 2180 et
732 2108 977 2205 apparitiones
994 2107 1066 2180 illae
1076 2118 1156 2180 tum
1169 2108 1324 2203 vigilan-

283 2219 381 2292 tibus
411 2231 490 2292 tum
521 2220 787 2294 dormientibus
814 2246 915 2295 mera
942 2234 1029 2294 sunt
1055 2221 1324 2317 phantasmata.

285 2332 478 2423 Praeterea,
505 2344 549 2406 ut
577 2335 727 2430 pressio,
744 2335 886 2425 frictus,
916 2335 1036 2432 pulsio
1062 2334 1159 2407 oculi
1187 2335 1324 2407 excitat

282 2445 502 2543 phantasma
517 2446 643 2536 luoidi,
658 2460 697 2520 et
712 2449 852 2544 pressio
870 2449 968 2521 auris
986 2471 1129 2537 sonum,
1142 2447 1194 2520 ita
1212 2448 1323 2520 etiam

283 2559 440 2656 objecta,
455 2582 536 2657 quae
553 2559 719 2634 videmus
737 2562 793 2634 vel
807 2561 986 2650 audimus,
1004 2559 1132 2633 eadem
1150 2560 1324 2656 phantas-

281 2682 383 2748 mata
398 2687 579 2770 geuerant
595 2699 661 2771 per
678 2675 914 2772 pressionem,
927 2675 992 2748 sed
1009 2674 1324 2749 inobservabilem.

282 2785 380 2859 Nam
405 2788 435 2858 si
453 2787 593 2861 colores
620 2788 672 2861 illi
699 2800 736 2861 et
753 2788 834 2861 soni
856 2789 893 2860 in
917 2788 996 2884 ipso
1020 2788 1164 2883 objecto
1188 2800 1322 2878 essent,

283 2899 445 2994 separari
462 2901 507 2972 ab
530 2900 602 2972 illis
629 2923 704 2972 non
731 2912 891 2997 possent.
944 2902 1171 2996 Separantur
1187 2911 1322 2991 autem,

281 3020 324 3084 ut
340 3011 575 3084 manifestum
603 3022 659 3085 est
682 3012 720 3085 in
743 3014 1001 3087 reflexionibus
1029 3012 1227 3084 visibilium
1256 3037 1324 3109 per

282 3126 441 3221 specula,
459 3139 497 3199 et
523 3125 739 3199 audibilium
755 3151 821 3222 per
838 3128 920 3200 loca
941 3136 1127 3199 montana.
1180 3124 1323 3198 Scimus

282 3251 406 3311 autem
423 3262 567 3335 eorpus,
588 3240 685 3334 quod
703 3238 880 3329 videmus,
908 3240 946 3312 in
973 3263 1049 3312 uno
1077 3250 1223 3310 tantum
1240 3238 1322 3311 loco

282 3375 373 3440 esse,
392 3349 456 3424 sed
473 3353 706 3449 apparentias
732 3353 772 3425 in
790 3353 966 3450 plurimis
1020 3352 1241 3447 Quanquam
1258 3374 1321 3423 au-

280 3474 358 3538 tem
375 3463 573 3562 aliquando
590 3466 629 3538 in
647 3465 830 3541 distantiis
852 3466 975 3563 parvis
1000 3466 1119 3562 ipsum
1136 3466 1322 3562 objectum

280 3602 408 3651 verum
438 3579 653 3652 investitum
684 3580 852 3654 videatur
879 3579 1037 3677 imagine
1068 3603 1145 3668 sua,
1179 3602 1323 3675 semper

281 3702 407 3765 tamen
440 3692 541 3766 aliud
574 3704 630 3766 est
658 3695 856 3791 objectum,
887 3692 987 3767 aliud
1018 3692 1153 3788 objecti
1187 3692 1321 3789 imago.

201 3896 204 3902 ,
283 3805 412 3879 Sensio
430 3830 518 3903 ergo
548 3819 585 3879 et
608 3807 826 3903 phantasma
849 3807 1025 3903 originale
1054 3808 1203 3879 omnino
1224 3806 1322 3878 idern

282 3932 380 4007 sunt,
397 3920 507 4007 taeta,
524 3930 566 3993 ut
579 3919 667 4010 dixi,
684 3921 870 4019 pressione
895 3921 991 3993 oculi
1008 3921 1067 3993 vel
1083 3921 1176 3994 alius
1193 3919 1322 4015 organi

280 4032 327 4104 ab
346 4032 489 4127 objecto
507 4045 673 4106 externo.

332 4145 540 4242 Philosophi
570 4160 692 4219 autem
725 4147 958 4237 scholiastioi,
988 4146 1078 4220 locis
1105 4143 1322 4243 quibusdam

280 4257 365 4331 freti
393 4258 612 4348 Aristotelia,
639 4261 740 4334 aliud
768 4261 915 4352 docent,
939 4283 1082 4356 nempe,
1107 4258 1265 4357 speeies,
1284 4256 1322 4329 id

128 4552 290 4706 ‘X
