2926 4980
368 315 439 386 ⁴30
598 345 660 399 on
681 349 873 408 c1v1mrn
896 357 1158 411 camsrmrm.

167 505 610 621 CAp„st11.mortuisunt
643 521 765 612 quoad
795 548 949 620 corpora
977 525 1167 613 naturalia,
1203 532 1396 618 resurgent

187 619 330 761 ιζ’
367 642 517 716 corpora
543 628 759 723 spiritualia,
787 650 824 710 et
851 640 1022 711 Servator
1048 650 1183 719 noster,
1207 637 1318 709 victis
1335 637 1396 707 ad·

185 759 333 827 „eu-sa
367 735 540 826 versariis
559 741 746 821 civitatem
771 753 969 825 constituet
993 752 1218 849 spiritualem
1236 761 1275 823 et
1292 761 1395 822 aeter·

366 873 459 926 nam.
495 851 642 931 lnterea
658 874 793 953 autem,
814 865 899 960 qnia
916 865 1081 938 homines
1102 866 1140 937 iu
1160 865 1232 937 hoc
1259 861 1396 934 mundo

365 990 435 1042 non
447 963 636 1044 habebunt
654 999 810 1072 corpora
828 979 1042 1073 spiritualia,
1059 978 1160 1051 nulla
1181 1001 1260 1050 esse
1273 986 1396 1072 potest

365 1079 488 1158 civitas
502 1081 702 1177 spiritualis
717 1090 850 1162 civium
866 1091 1099 1163 existentium
1117 1092 1155 1164 in
1173 1114 1296 1162 carne.

409 1193 570 1269 Tertium
602 1216 855 1297 argumentum
885 1215 950 1292 est,
969 1228 1097 1302 regem
1127 1202 1315 1298 iafidelem
1339 1202 1399 1276 vel

363 1307 570 1386 hereticum
605 1313 847 1407 Christiania,
875 1318 910 1390 si
937 1318 1042 1390 modo
1073 1317 1160 1390 illos
1190 1327 1346 1391 conetur
1371 1343 1395 1389 o

361 1424 433 1505 tte
462 1423 661 1520 abducere,
681 1430 847 1503 tolerare
872 1430 1013 1504 licitum
1035 1458 1105 1506 non
1123 1443 1204 1505 ert:
1213 1433 1396 1526 judicare

362 1551 480 1613 cutem
507 1550 628 1614 utram
645 1568 714 1616 rea
731 1544 899 1616 subditos
916 1569 1002 1616 snos
1019 1546 1075 1618 ad
1096 1546 1259 1618 hoererin
1276 1545 1395 1617 addu-

361 1675 444 1725 cere
461 1666 613 1727 eonetar
631 1682 754 1744 necne,
767 1657 937 1754 pertinet
955 1659 1009 1730 ad
1027 1660 1196 1756 Papam:
1213 1660 1283 1752 jus
1301 1681 1394 1755 ergo

361 1765 470 1840 habet
490 1767 601 1866 Papa
620 1780 740 1841 rtrum
759 1770 943 1866 princeps
970 1770 1219 1868 deponendus,
1235 1797 1286 1843 aa
1302 1773 1393 1845 reti-

359 1880 499 1953 nendus
517 1882 579 1971 ait,
590 1883 804 1978 judicandi.

408 1995 625 2090 Respondeo
654 2009 849 2091 utrumque
877 2022 955 2070 esse
982 1997 1135 2079 falsum;
1162 2020 1294 2093 nempe
1320 1997 1393 2094 pri-

358 2131 468 2194 mum,
487 2109 694 2181 Christiano
720 2133 845 2204 regem
874 2111 1036 2183 suumin
1063 2133 1282 2206 quocunque
1309 2135 1393 2183 casu

357 2245 431 2293 non
450 2245 528 2294 csse
546 2223 799 2306 tolerandum3
819 2248 904 2296 nam
918 2225 1059 2320 legibus
1078 2222 1222 2310 divinis
1236 2234 1316 2295 tum
1330 2247 1393 2296 na-

356 2335 533 2408 turalibus
550 2348 627 2408 tum
646 2336 820 2431 positivis,
847 2338 1072 2410 contrarium
1098 2347 1174 2409 est:
1202 2347 1241 2408 et
1265 2360 1394 2409 secun-

358 2447 456 2536 dum,
475 2474 605 2545 nempe
627 2450 789 2546 judicem
817 2451 1010 2524 haeresium
1038 2473 1258 2546 quemquam
1283 2450 1394 2523 aliurn

358 2585 436 2633 esse
464 2575 598 2659 praeter
629 2589 712 2636 eum
744 2565 806 2659 qui
832 2588 1011 2638 summam
1038 2565 1149 2637 habet
1171 2577 1393 2658 potestatem

358 2675 512 2749 civilem.
577 2677 738 2749 Haeresis
766 2678 863 2749 enim
891 2679 962 2750 alia
990 2700 1151 2750 resnou
1179 2688 1234 2748 est
1261 2688 1394 2773 praeter

358 2789 567 2883 opinionem
580 2790 770 2885 privatam,
786 2803 914 2862 contra
927 2790 1026 2886 leges
1039 2789 1195 2863 civitatis
1210 2791 1393 2863 obstinate

357 2915 636 2998 propugnatam.
701 2902 928 2997 Impossibile
959 2928 1047 2998 ergo
1082 2915 1147 2990 est,
1183 2903 1392 2998 opinionem

356 3015 467 3086 ullam
482 3016 691 3087 haereticam
710 3038 799 3103 esse,
819 3039 927 3109 qnam
945 3016 1090 3111 publice
1116 3016 1239 3088 doceri
1261 3018 1393 3111 jubent

357 3128 413 3199 vel
432 3127 648 3221 permittunt
662 3128 760 3221 leges
775 3128 943 3201 civitatis.

409 3243 460 3313 Ut
478 3254 600 3313 autem
629 3266 752 3336 regem
780 3241 964 3314 infidelem
991 3242 1048 3313 vel
1065 3242 1280 3315 haereticum
1304 3244 1394 3316 tole-

358 3379 438 3428 rare
468 3356 684 3427 Christianis
710 3355 877 3427 illicitum
904 3380 982 3428 esse
999 3357 1142 3451 probet,
1160 3355 1282 3427 locum
1304 3357 1392 3430 citat

361 3469 421 3562 (ex
440 3468 547 3540 Deut.
567 3469 652 3540 xvii.
678 3468 751 3558 15),
769 3468 832 3539 ubi
850 3469 949 3540 Deus
965 3469 986 3541 J
990 3469 1113 3541 udaeos
1130 3470 1329 3564 prohibuit,
1346 3494 1392 3542 ne

358 3606 480 3677 regem
520 3582 671 3654 electuri
710 3582 903 3677 imperium
933 3594 1105 3654 extraneo
1141 3582 1297 3654 darent:
1337 3597 1390 3656 at-

359 3720 429 3791 que
448 3695 532 3767 inde
551 3695 672 3782 infert,
692 3695 900 3767 Christiano
927 3719 1001 3768 non
1033 3696 1142 3768 licere
1172 3719 1298 3790 regem
1325 3698 1392 3769 sibi

358 3810 492 3906 eligere
510 3833 583 3881 non
604 3808 861 3881 Christianum.
891 3808 986 3881 Sane
1005 3808 1243 3898 Christianus,
1262 3809 1299 3880 id
1325 3823 1392 3898 est,

358 3925 389 3996 is
408 3924 470 4020 qui
489 3924 720 3995 Servatorem
738 3933 903 3994 nostrum
922 3946 1119 4016 agnoscere
1133 3931 1170 3994 et
1188 3921 1239 3993 illi
1258 3924 1393 3996 servire

359 4063 396 4109 16
415 4038 525 4109 semel
549 4036 736 4131 obligavit,
761 4036 791 4106 si
815 4060 938 4130 regem
965 4035 1128 4130 eligeret,
1157 4060 1265 4130 quern
1290 4050 1393 4109 certo

359 4155 468 4225 sciret
486 4161 702 4223 conaturum
721 4173 799 4220 esse
817 4173 839 4219 a
855 4149 926 4220 fide
945 4148 1045 4219 illurn
1063 4148 1256 4236 abducere,
1275 4150 1394 4222 Deum

359 4265 512 4338 nimium
531 4275 739 4337 tentaturus
758 4273 862 4333 esset.
918 4260 989 4334 Sed
1013 4261 1121 4349 idem,
1149 4261 1279 4355 inquit,
1298 4265 1395 4358 peri-
