2926 4980
371 382 587 434 arenuurx
607 349 663 433 nn
683 382 940 435 unumunurn.
1104 372 1172 436 541

184 550 233 622 A.
260 550 415 624 Videtur
432 577 532 649 ergo,
552 553 583 625 si
599 552 767 625 homiues
785 564 913 626 mutuo
932 576 970 626 se
983 552 1177 626 haereticos

135 664 333 759 appellent,
354 666 562 738 convicium
579 689 656 737 nou
675 688 763 739 esse.

184 776 234 847 B.
255 777 372 850 Sectae
391 778 463 850 illae
481 777 784 873 philosophorum
795 777 1007 850 Graecorum
1025 801 1100 850 nou
1114 801 1176 872 ap·

133 888 320 983 pellabant
337 891 432 963 alter
448 891 605 964 alterum
621 891 860 973 haereticum
886 891 951 964 sed
968 890 1175 979 scelestum,

133 1003 364 1098 sacrilegum,
398 1003 530 1094 furem,
560 1005 793 1100 parricidam,
825 1006 950 1098 μίαρον,
985 1007 1177 1102 κατάρατον,

108 1191 111 1195 ,
132 1114 286 1211 aliisque
317 1117 526 1190 nominibus
554 1119 685 1213 quibus
714 1129 870 1191 utuntur
895 1119 1012 1191 infimi
1037 1119 1176 1195 ordinis

132 1228 311 1319 homines,
343 1232 490 1326 quando
519 1231 672 1305 ferend
702 1256 864 1328 pugnam
891 1229 1174 1306 excandescunt.

133 1341 331 1438 Postquam
355 1356 478 1416 autem
504 1344 543 1417 in
571 1344 725 1418 ecclesia
751 1345 908 1417 haereses
926 1357 1016 1417 ortae
1040 1358 1175 1434 essent,

134 1457 335 1531 maximum
353 1459 518 1532 omnium
536 1458 743 1532 convicium
761 1469 840 1531 erat
857 1458 1068 1530 bareliaca.

181 1571 230 1643 A.
258 1570 427 1644 Nullaene
446 1583 552 1644 erant
569 1573 728 1645 haereses
749 1583 997 1668 praeterquam
1013 1571 1175 1667 philoso-

130 1682 288 1777 phorum
303 1683 541 1758 Graecorum?

181 1796 229 1869 B.
248 1797 370 1870 Etiam
381 1798 419 1870 in
429 1799 451 1871 J
454 1799 572 1886 udaea,
584 1797 865 1885 Pharisaeorum,
875 1795 1174 1888 Sadducaeorum,

129 1910 351 1982 Essenorum
369 1922 479 1984 sectae
506 1910 723 1983 dicebantur
748 1910 917 1994 haereses,
935 1921 977 1983 ut
994 1933 1040 1981 ex
1066 1911 1174 1984 Novo

128 2023 365 2098 Testamento
383 2025 618 2097 manifestum
637 2037 706 2096 est.
750 2023 971 2096 Graecismus
988 2022 1090 2109 item,
1107 2025 1129 2097 J
1132 2049 1174 2096 u-

128 2135 302 2225 daismus,
334 2136 647 2226 Christianismus,
672 2135 903 2209 habebantur
931 2159 976 2208 eo
1006 2147 1173 2231 tempore

129 2271 196 2342 pro
214 2249 369 2322 totidem
387 2249 603 2322 haeresibus.
658 2251 820 2323 Haeresis
837 2250 927 2322 item
945 2248 1040 2341 (Gal.
1055 2273 1088 2320 v.
1103 2252 1168 2343 20)

130 2359 228 2433 inter
258 2362 413 2435 crimina
439 2363 613 2458 ponitur:
654 2376 692 2436 et
722 2364 817 2456 (Gal.
836 2366 860 2436 i.
880 2365 934 2457 8),
966 2362 1174 2436 doctrinam

130 2473 314 2568 significat
342 2476 521 2549 doctrinae
547 2478 661 2574 ipsius
693 2479 730 2550 S.
750 2478 853 2550 Pauli
880 2477 1116 2566 contrariam,
1133 2477 1174 2550 id

128 2599 196 2676 est,
215 2590 435 2662 contrariam
461 2591 662 2687 Evangelio
682 2591 840 2664 Christi:
869 2591 913 2663 Si
931 2614 997 2663 noa
1019 2600 1084 2662 aut
1106 2617 1173 2662 an-

123 2700 235 2798 gelus
265 2702 312 2775 de
347 2704 440 2776 coelo
474 2705 726 2803 Evangelium
760 2705 871 2778 aliud
897 2703 1173 2803 praedicaverit

118 2827 270 2913 prater
287 2817 387 2890 illud
402 2819 504 2915 quod
524 2819 626 2891 vobis
637 2818 944 2918 proficeremus,
970 2829 1097 2906 ἀνάθεμα
1111 2827 1172 2886 tea.

176 2930 225 3000 Α.
255 2931 356 3005 Quid
374 2947 431 3005 eSi
448 2943 597 3024 ἅνάθεμαΡ

176 3042 224 3114 B.
252 3053 408 3132 Ἀνὰθημα
426 3049 505 3141 (per
524 3048 557 3136 η)
579 3045 761 3141 significat
788 3046 990 3143 quamlibet
1015 3073 1092 3120 rem
1112 3050 1174 3123 de·

126 3154 296 3244 dicatam,
315 3169 579 3247 consecratam,
593 3158 652 3230 vel
670 3160 715 3231 ab
733 3184 802 3232 usu
821 3161 1009 3233 communi
1026 3186 1170 3258 separa·

125 3279 212 3341 tam.
266 3269 339 3342 Sed
361 3283 487 3362 taleam
511 3273 593 3366 (per
609 3274 637 3364 ε)
658 3272 843 3367 significat
860 3273 1060 3369 aliquando
1087 3301 1171 3372 per-

124 3406 251 3455 sonam
271 3383 350 3456 Diis
367 3384 535 3457 manibus
553 3386 735 3458 devotam.

175 3496 224 3567 A.
253 3496 449 3570 Quomodo
473 3497 552 3570 Diis
579 3499 747 3571 manibus
765 3499 938 3573 devoveri
956 3514 1080 3597 potest
1104 3527 1170 3577 an-

123 3608 257 3703 gelus?

174 3722 222 3793 B.
251 3721 426 3794 Comburi
452 3723 600 3817 quidem
626 3748 701 3797 non
730 3736 864 3820 potest,
883 3750 1001 3822 neque
1029 3730 1169 3815 occidi3

122 3835 188 3906 sed
205 3835 330 3907 haberi
349 3860 417 3931 pro
437 3860 512 3908 non
530 3837 671 3932 angelo,
690 3837 755 3910 sed
777 3862 845 3933 pro
863 3852 1007 3934 spectro
1026 3853 1170 3915 tautum

122 3948 255 4043 potuit,
276 3959 312 4020 et
329 3961 371 4021 ut
395 3949 570 4045 deceptor
596 3951 810 4023 execrabilis
836 3950 1026 4041 declarari,
1046 3954 1169 4045 idest,

123 4061 160 4134 in
180 4063 300 4135 verbis
319 4063 519 4159 Scripturas
538 4064 671 4152 Sacrae,
689 4064 786 4136 tradi
805 4066 962 4138 Satanae.

171 4182 220 4246 A.
250 4175 427 4254 Quaenam
447 4191 528 4249 erat
545 4177 583 4248 in
602 4177 755 4249 ecclesia
772 4177 971 4273 primitiva,
986 4203 1070 4251 cum
1089 4205 1168 4253 rec-

121 4299 169 4358 tae
203 4287 289 4359 fidei
324 4289 487 4383 regulam
518 4289 671 4362 haberet
701 4291 942 4386 Evangelium
979 4293 1167 4389 scriptum,

120 4399 316 4474 haeresium
334 4409 445 4475 causa
462 4402 475 4474 i

1226 588 1354 638 cnr.11.

1216 669 1360 704 »μγ-α

1220 728 1255 771 De
1264 727 1349 773 hnresi.
