2926 4980
132 504 210 555 cAP.
228 505 281 557 lll.

125 584 268 621 s--wi--u

112 643 147 687 Do
135 657 217 702 rtrutq
173 644 245 688 uibua·

113 710 187 753 ‹larno
141 710 243 767 umhjee·

113 774 159 817 uon
160 775 269 819 ἰὶιιιιοοιι·

309 290 382 359 560
545 306 763 361 aaaauorx
781 308 836 360 uo
855 309 1111 363 taurorum.

310 492 566 559 uucxxx1x3
593 474 660 548 sed
671 475 966 550 concessionibus
984 474 1212 573 quibusdam
1237 475 1378 573 regiis,

311 610 467 683 quarum
483 611 558 661 una
583 600 663 662 erat
688 588 845 662 sublatio
869 589 1062 686 potestatis
1086 588 1326 686 episcopalis
1355 612 1378 661 e

310 724 425 797 regno
439 700 585 789 Scotiae,
602 702 702 775 illico
718 702 878 799 sopitum
893 714 970 786 est;
989 702 1055 776 sed
1070 703 1145 776 cito
1146 703 1377 799 ,instigan-

111 839 282 886 tammum
311 814 408 887 tibus
433 814 722 911 Presbyterianis
746 815 923 911 Anglicis,
942 839 1038 889 anuo
1056 837 1210 890 uocxu
1239 839 1375 889 resus-

311 928 478 1001 citatum.
521 928 611 1001 Erat
628 952 673 1001 eo
698 939 865 1024 tempore
882 929 1047 1024 regimen
1064 928 1372 1003 ecclesiasticum

311 1041 606 1115 administratum
618 1043 754 1115 virtute
770 1041 960 1114 literarum
976 1042 1161 1138 regiarum
1174 1066 1247 1139 per
1266 1043 1372 1139 epis-

311 1179 436 1252 copos.
489 1154 649 1229 Sedebat
672 1154 782 1228 etiam
812 1154 1107 1244 Parliamentum‚
1126 1166 1254 1229 totum
1286 1156 1369 1230 fere

313 1268 646 1365 Presbyterianum.
699 1266 825 1340 Fectio
843 1267 942 1340 enim
968 1268 1256 1365 Presbyteriana
1288 1270 1372 1342 fac?

312 1382 451 1456 tionem
466 1379 711 1476 episcopalem
727 1380 894 1477 potentia
910 1391 948 1454 et
961 1378 1085 1454 favore
1097 1382 1231 1478 populi
1247 1383 1365 1479 longe

312 1493 519 1590 superabat.
597 1493 729 1590 Itaque
763 1518 860 1568 anno
893 1494 1060 1591 proximo
1102 1507 1261 1568 coactus
1305 1507 1364 1569 est

314 1608 404 1691 Rex,
419 1629 491 1701 quo
507 1606 790 1681 Parliamentum
806 1607 981 1704 placaret,
993 1607 1185 1704 episcopos
1205 1609 1322 1682 etiam
1338 1633 1362 1681 a

311 1721 490 1817 regimine
508 1722 608 1794 omni
635 1721 881 1794 ecclesiastico
912 1720 1207 1795 extraordinario
1239 1745 1359 1796 remo-

312 1857 409 1907 vere.
461 1833 546 1909 Quo
563 1833 674 1921 facto,
691 1833 793 1907 nulla
808 1833 965 1929 amplius
987 1843 1152 1930 potestas
1178 1835 1357 1908 remansit

312 1946 408 2021 inter
427 1948 566 2044 Anglos
583 1948 828 2044 cognoscendi
849 1947 1019 2033 haereses,
1041 1946 1106 2019 sed
1130 1947 1351 2021 omnimoda»

312 2072 422 2134 secta*
464 2074 716 2158 apparuerunt
751 2060 990 2134 scribentium
1022 2071 1060 2133 et
1085 2060 1349 2156 publicantium

313 2175 458 2271 qualem
488 2176 643 2271 quisque
668 2174 785 2248 voluit
811 2174 1046 2270 theologiam.
1096 2174 1184 2246 Jam
1210 2174 1351 2247 Parisiis

313 2288 470 2385 degebat
500 2289 633 2362 author
664 2288 753 2362 dicti
782 2288 877 2376 libri,
901 2287 1051 2384 vulgata
1076 2289 1152 2383 jam
1182 2288 1356 2361 libertate

312 2402 494 2476 scribendi
512 2414 630 2476 utens.
667 2404 716 2475 Et
728 2404 813 2498 jura
826 2400 973 2497 quidem
990 2402 1099 2498 regis,
1110 2412 1194 2474 tum
1211 2401 1252 2475 in
1266 2412 1360 2476 tem-

310 2517 498 2613 poralibus
522 2528 602 2589 tum
630 2517 667 2588 in
691 2515 953 2613 spiritualibuS,
978 2513 1124 2612 egregie
1140 2513 1360 2588 vindicavit

313 2630 496 2702 Caeterum
526 2630 615 2702 dum
637 2631 708 2703 hoc
735 2654 781 2702 ex
809 2630 1009 2725 Scripturis
1042 2628 1163 2700 Sacris
1199 2642 1363 2702 conatur

310 2744 443 2827 faeere,
463 2744 500 2815 in
519 2742 692 2838 dogmata
720 2743 841 2838 lapsus
860 2754 917 2815 est
941 2740 1116 2829 inaudita,
1131 2764 1215 2835 quae
1240 2767 1265 2814 a
1283 2743 1362 2837 ple-

311 2858 434 2952 risque
448 2856 629 2951 theologis
646 2856 826 2928 haereseos
837 2868 875 2927 et
888 2853 1057 2926 atheismi
1068 2865 1242 2957 neumata
1258 2869 1361 2929 sunt.

361 2971 409 3043 B.
439 2969 618 3042 Quaenam
636 2981 723 3041 sunt
739 2969 802 3040 illa
816 2966 1012 3062 dogmata?

362 3083 411 3155 A.
439 3083 539 3156 Quid
557 3083 624 3154 tibi
642 3081 788 3154 videtur
805 3082 922 3154 oratio
941 3081 1032 3169 haec,
1052 3081 1171 3177 capite
1190 3083 1361 3157 secundo

310 3219 437 3268 versus
454 3197 595 3278 finem;
626 3194 844 3293 Opinionem
874 3195 1054 3267 homimem
1081 3194 1127 3266 de
1151 3195 1362 3292 spiritibus

311 3319 537 3380 mortuorum
555 3307 843 3395 ambulantibus,
862 3309 909 3381 {le
936 3307 1126 3380 industria
1147 3319 1256 3403 puto,
1276 3321 1363 3384 tra·

312 3421 578 3517 ditnmfuiauQ
592 3431 657 3493 unt
670 3446 739 3494 iton
751 3421 994 3518 eorfittntnm,
1010 3420 1066 3493 ad
1073 3424 1362 3498 sustentanda-m

312 3534 622 3607 existimationem
640 3535 939 3623 abominamenta,
957 3534 1062 3633 rigni
1079 3533 1216 3621 crucia,
1244 3561 1361 3632 aqnoe

311 3646 524 3735 benedicte,
542 3647 777 3746 aliarumque
794 3647 932 3718 ortium
950 3646 1055 3719 cleri.

361 3762 410 3833 B.
438 3759 530 3832 Mihi
566 3761 715 3857 quidem
748 3784 846 3842 vera,
878 3760 1051 3856 prudeus,
1080 3772 1118 3833 et
1145 3760 1361 3837 Christiana

312 3874 507 3961 videbitur,
537 3875 608 3947 nisi
643 3874 868 3947 contrarium
903 3875 1049 3947 evincas
1083 3899 1128 3947 ex
1162 3874 1361 3970 Scriptura

312 3988 435 4060 Sacra.
462 3986 642 4083 Equidem
656 3988 738 4084 lego
756 3987 905 4078 (Matth.
923 3987 1033 4060 xxvii.
1055 3991 1132 4080 52),
1151 3987 1297 4061 Christo
1316 3991 1358 4063 in

313 4124 421 4174 cruce
440 4100 620 4173 moriente
646 4124 801 4196 corpora
826 4113 1009 4174 mortuae
1027 4100 1228 4197 sepulchris
1255 4105 1358 4175 exci-

311 4224 390 4285 tata
406 4239 497 4303 esse,
517 4239 591 4286 nou
606 4225 728 4287 autem
741 4214 891 4287 animas.
