2926 4980
476 372 755 427 nummatas.
1073 365 1136 430 131

83 533 226 629 aliquid
245 537 407 634 amplius
421 563 533 635 quam
547 542 738 615 consensio
750 554 815 615 aut
829 544 1038 618 concordia.
1073 545 1139 617 Est

85 647 186 720 enim
202 649 243 721 in
259 672 460 746 personam
477 677 589 727 unam
607 678 695 728 vera
712 656 877 729 omnium
898 658 986 730 unio
1002 689 1011 742 ;
1039 657 1137 752 quod

85 761 209 857 fitper‘
222 775 377 859 pactum
390 765 678 863 uniuscujusque
692 792 776 840 cum
787 793 1006 864 unoquoque
1023 801 1031 854 ;
1059 781 1136 843 tan·

86 896 199 969 quam
223 877 256 948 si
272 877 474 974 unicuique
495 881 745 977 unusquisque
763 882 913 967 diceret,
932 882 1021 981 Ego
1051 883 1137 956 huic

88 985 238 1077 homini,
255 990 318 1063 ael
333 991 420 1065 haic
438 994 563 1080 caetui,
582 993 848 1066 authoritatem
874 1005 913 1067 et
930 997 998 1090 jas
1024 1021 1138 1068 meum

87 1102 251 1199 regendi
279 1104 460 1202 memsam
488 1105 661 1195 concedo,
688 1131 734 1179 ea
769 1106 990 1196 conditione,
1022 1117 1062 1179 at
1096 1120 1136 1181 tu

87 1237 234 1311 quoque
249 1226 352 1288 taam
368 1218 637 1291 authoritatem
654 1229 692 1292 et
699 1220 769 1314 jus
787 1228 886 1290 taum
903 1220 958 1292 tm'
975 1221 1136 1316 regendi

88 1325 128 1400 in
152 1329 305 1402 medem
332 1330 562 1428 transferas.
616 1332 700 1406 Quo
726 1332 838 1421 facto,
856 1332 1054 1405 multitudo
1072 1333 1136 1406 illa

86 1462 163 1514 uua
184 1465 343 1538 persona
360 1457 429 1533 est,
443 1455 481 1516 et
499 1458 652 1519 vocatur
669 1445 816 1518 Civitas
834 1459 872 1518 et
890 1445 1132 1544 Respublica.

87 1554 211 1649 Atque
227 1555 307 1630 haec
324 1568 384 1629 est
403 1559 594 1653 generatio
620 1559 750 1656 magui
776 1558 881 1630 illias
907 1557 1132 1649 Leaiathaa

87 1666 157 1756 vel,
173 1679 218 1741 ut
227 1669 374 1765 dignius
391 1671 534 1766 loquar,
548 1669 720 1742 mortalia
743 1671 819 1742 Dei
834 1698 848 1754 ;
875 1672 935 1743 cui
947 1695 1076 1766 pacem
1094 1686 1132 1744 et

84 1783 355 1877 protectionem
380 1785 448 1856 sub
466 1785 545 1857 Deo
563 1783 762 1856 immortali
781 1783 955 1857 debemus
973 1809 1130 1857 omnem.

85 1893 321 1969 Authoritate
338 1897 438 1969 enim
456 1910 561 1970 tanta
574 1898 620 1969 ab
634 1895 804 1969 omnibus
829 1910 868 1970 et
885 1897 1038 1992 singulis
1057 1899 1131 1970 col-

84 2004 324 2097 monum
336 2011 543 2106 potentiam
554 2023 593 2084 et
604 2022 791 2082 tantarum
804 2010 937 2083 virium
947 2034 1054 2083 usum
1064 2011 1130 2084 ha-

83 2118 160 2209 bet,
175 2133 219 2194 ut
230 2133 373 2196 terrore
397 2147 522 2196 earum
540 2123 749 2196 voluntates
763 2123 928 2196 omnium
941 2124 988 2196 ad
1000 2148 1129 2219 pacem

83 2233 181 2307 iuter
198 2256 237 2307 se
254 2246 292 2309 et
317 2235 367 2308 ad
384 2237 683 2333 conjunctionem
701 2248 831 2308 contra
848 2236 973 2308 hostes
987 2237 1130 2309 confor-

83 2370 185 2420 mare
201 2348 329 2444 possit.
367 2349 410 2421 ln
424 2373 496 2445 quo
511 2348 678 2422 consistit
692 2348 850 2420 essentia
860 2347 1031 2438 civitatis,
1047 2373 1129 2444 quae

81 2458 136 2533 sic
148 2459 345 2532 definitur:
367 2459 686 2558 Ciuitaaperaoaa
697 2485 771 2531 ana
784 2470 855 2549 eat,
869 2460 974 2554 cajus
987 2460 1129 2533 actiou-

82 2596 142 2643 ιιι
159 2572 322 2646 homines
336 2598 472 2671 amgno
485 2597 646 2661 manera,
650 2596 728 2671 per
732 2583 857 2669 pacta
867 2583 992 2646 mutua
1006 2574 1129 2647 anias·

82 2685 263 2782 cujusque
293 2711 374 2758 eata
404 2710 631 2784 unoquoque,
648 2684 833 2782 fecerant
856 2711 897 2758 ae
924 2687 1103 2759 authores
1114 2717 1128 2772 ;

81 2799 225 2892 tofina,
242 2809 284 2871 at
297 2799 474 2897 potentia
487 2800 642 2871 amatium
658 2797 819 2871 arbitrio
836 2823 903 2871 auo
930 2800 986 2872 ad
992 2824 1129 2897 pacem

82 2921 121 2983 et
139 2934 358 2984 commanem
371 2912 622 3009 defensionem
635 2921 817 2984 uteretur.
864 2913 900 2985 Is
914 2924 1050 3000 autem,
1065 2913 1128 3009 qui

82 3024 242 3099 civitatis
264 3049 460 3122 personam
489 3026 598 3122 gerit,
624 3049 799 3097 semotam
824 3025 962 3098 habere
993 3026 1128 3099 dicitur

77 3150 318 3237 patestatem.
370 3140 504 3213 Caeteri
522 3162 649 3212 omnes
665 3137 808 3210 subditi
831 3149 868 3212 et
887 3139 985 3211 cives
1004 3140 1127 3235 appel-

82 3251 216 3327 lantur.
270 3253 436 3327 Potestas
461 3266 586 3325 autem
606 3275 748 3323 summa
766 3251 909 3324 duobus
927 3251 1045 3323 modis
1061 3252 1126 3323 ha-

82 3363 213 3449 betur3
241 3389 397 3460 quarum
427 3388 501 3439 una
528 3374 584 3438 est
600 3365 676 3448 vis;
704 3375 747 3437 ut
773 3388 857 3437 cum
891 3377 997 3461 pater
1030 3365 1124 3437 filios

83 3500 166 3552 suos
175 3479 246 3552 sibi
259 3477 409 3551 obedire
422 3479 546 3574 cogit3
573 3477 687 3550 vitam
699 3476 796 3549 enim
814 3477 886 3549 illis
901 3501 976 3549 non
994 3475 1125 3549 aiendo

83 3593 226 3667 autenm
242 3602 389 3687 potest;
414 3592 473 3664 vel
488 3602 532 3663 ut
563 3591 623 3686 qui
645 3590 752 3662 victis
770 3589 936 3663 hostibus
968 3613 1012 3662 ea
1037 3614 1124 3662 con-

83 3705 223 3779 ditione
233 3705 349 3776 vitam
360 3705 558 3791 condonat,
572 3715 613 3775 ut
627 3703 808 3798 imperata
818 3702 968 3775 faciant.
1020 3702 1125 3776 Alter

82 3819 211 3892 modus
227 3830 298 3906 est,
316 3817 463 3913 quando
480 3816 646 3889 homines
657 3828 787 3911 sponte
802 3839 982 3888 summam
999 3827 1123 3910 potes-

80 3945 195 4008 tatem
209 3931 249 4003 in
262 3952 377 4001 unum
389 3930 576 4003 hominem
586 3929 644 4001 vel
658 3940 795 4001 coetum
806 3952 870 4024 spe
881 3928 1124 4023 protectionis

81 4045 291 4121 conferunt.
323 4043 446 4139 Atque
457 4044 536 4117 haec
551 4042 711 4115 civitatis
722 4041 928 4125 instituti0;
955 4041 1019 4114 illa
1032 4042 1122 4114 civi-

81 4161 168 4235 tatis
194 4157 388 4252 acquisitio
417 4170 484 4230 est.
536 4157 666 4230 Dicam
683 4169 808 4228 autem
824 4154 942 4251 primo
973 4154 1019 4228 de
1038 4155 1124 4228 civi-

81 4287 156 4349 tate
170 4270 351 4345 instituta.

945 4408 1004 4457 na

1167 580 1246 630 CAP.
1259 581 1351 632 xvtl.

1180 663 1323 697 -ru

1151 723 1184 767 Da
1195 737 1268 775 causa,
1276 739 1339 781 gene-

1150 790 1241 840 ratione,
1250 795 1272 831 et
1282 790 1332 834 dcti-

1150 854 1232 897 uitione
1241 854 1341 903 datatim
