2926 4980
162 344 235 415 884
405 362 460 416 nu
479 362 675 417 crvmssn
695 363 965 418 curramus.

12 552 37 607 r.
53 554 139 611 nnn.
162 528 341 625 mojorem
358 552 434 603 uon
451 529 612 605 habuere
629 555 741 629 qnam
764 533 843 629 ipse
869 533 1054 628 Christus,
1075 558 1213 633 nempe

12 640 123 674 »ιγ-ο

17 706 124 757 pullum

163 640 344 716 invitandi
360 642 527 716 homines
545 644 593 717 ad
610 668 766 741 regnum
785 646 866 735 Dei,
886 646 984 742 quod
1002 671 1078 721 non
1103 671 1211 746 ρω-

12 762 126 815 mun
162 778 261 846 sens,
288 755 354 829 sed
386 756 552 830 futurum
587 781 666 831 esse
700 758 996 854 praedicaverunt
1019 759 1117 857 ipsi;
1145 761 1212 858 qni

160 879 284 943 autem
301 893 456 966 regnum
471 894 546 944 non
565 870 704 945 habent
714 894 887 967 praesens,
902 873 1002 970 leges
1018 872 1119 947 ferre
1131 899 1210 948 non

159 994 324 1079 possunt.
375 982 559 1057 Praeterea
588 985 618 1056 si
646 983 887 1057 conciliorum
913 998 1002 1059 tuuc
1028 987 1209 1084 temporis

159 1106 244 1171 actu
259 1096 414 1171 fuissent
429 1096 542 1193 leges,
561 1096 809 1170 obedientiam
826 1098 898 1173 illis
925 1123 1061 1196 negare
1074 1123 1209 1196 pecca-

159 1222 240 1285 tum
273 1210 416 1284 fuisset.
468 1211 540 1284 Eos
565 1223 703 1300 autem,
735 1211 798 1306 qui
833 1212 1040 1287 doctrinam
1067 1213 1210 1288 Christi

159 1323 322 1420 recipere
340 1322 548 1413 uoluerunt,
566 1323 776 1397 eonomine
799 1327 1006 1421 peccavisse
1022 1351 1208 1424 nusquam

158 1437 326 1533 legimus,
345 1436 410 1510 sed
432 1437 503 1511 hoo
520 1448 678 1525 tantum,
704 1436 921 1534 inpeccatis
945 1440 1021 1513 suis
1037 1453 1208 1516 mortuos

158 1549 282 1640 fuisse,
310 1549 349 1623 id
371 1560 438 1640 est,
456 1559 610 1646 peecata
632 1573 760 1623 eorum
785 1564 917 1625 contra
940 1551 1052 1649 leges,
1072 1554 1207 1649 quibus

160 1662 310 1737 obedire
341 1663 559 1749 debuerunt,
585 1663 737 1736 remissa
759 1687 836 1737 uon
860 1665 985 1755 fuisse,
1017 1666 1207 1757 nimirum,

159 1790 312 1875 peccata
328 1800 455 1850 eorum
481 1787 613 1850 contra
629 1775 730 1872 leges
746 1788 889 1852 naturae
907 1790 944 1851 et
960 1790 1092 1853 contra
1104 1778 1207 1876 leges

160 1890 284 1966 civiles
301 1914 376 1964 suae
393 1890 571 1986 cujusque
588 1888 748 1962 civitatis
765 1901 909 1964 retenta
926 1890 1050 1965 fiiisse.
1104 1891 1205 1966 Con-

158 2013 233 2077 stnt
249 2027 339 2101 ergo
357 2026 483 2092 onera,
498 2026 581 2098 quae
593 2001 633 2074 in
649 2001 776 2075 fideles
794 2003 1011 2099 imposuisse
1029 2003 1207 2079 dicuntur

157 2119 328 2215 apostoli,
346 2141 422 2191 uon
456 2116 568 2189 fluisse
602 2115 715 2212 leges,
746 2116 812 2189 sed
842 2117 925 2207 illis,
954 2117 1018 2213 qui
1046 2118 1204 2192 salutem

157 2233 418 2330 quaesivenmt,
436 2229 642 2327 propositas
660 2229 901 2320 conditiones,
920 2254 1011 2326 quas
1036 2231 1205 2328 accipere

156 2347 214 2421 vel
231 2346 383 2442 rejicere
401 2369 466 2418 suo
486 2344 640 2441 quisque
663 2343 840 2440 periculo,
861 2344 938 2416 siue
958 2356 1112 2439 peccato
1135 2371 1204 2420 no-

156 2486 215 2550 vo,
229 2460 362 2557 potuit,
375 2482 586 2556 quanquam
604 2480 679 2529 nou
696 2457 775 2530 sine
792 2457 957 2554 periculo
971 2458 1204 2550 exclusionis,

156 2583 308 2670 propter
341 2584 495 2670 peccata
528 2595 656 2644 eorum
689 2571 889 2668 praeterita,
916 2594 937 2644 e
970 2595 1085 2667 regno
1120 2572 1202 2647 Dei.

157 2687 287 2782 ltaque
316 2686 361 2759 de
390 2684 600 2758 infidelibus
626 2684 715 2758 dicit
741 2685 899 2758 Sanetus
919 2684 1106 2758 Johannes
1133 2686 1202 2780 (iii.

157 2800 323 2889 36),non
347 2798 447 2895 quod
469 2799 524 2871 ira
550 2797 619 2870 Dei
641 2797 763 2870 veniet
786 2821 896 2893 super
917 2821 992 2885 eos,
1011 2797 1077 2870 sed
1102 2799 1202 2895 quod

155 2914 218 2986 ira
243 2913 320 2986 Dei
336 2923 460 2985 munet
483 2938 599 3010 super
616 2936 679 2984 eos
691 2940 705 2994 ;
732 2936 800 2984 nec
828 2912 927 3002 (Joh.
945 2911 997 2984 iii.
1021 2912 1080 3006 18)
1102 2912 1203 3007 quod

156 3025 442 3116 damnabuntur,
461 3027 526 3099 sed
541 3025 640 3123 quod
653 3027 731 3120 jam
750 3025 982 3098 condemnati
995 3034 1094 3097 seint.
1126 3026 1201 3098 Ne-

155 3164 226 3238 que
244 3139 401 3236 intelligi
418 3151 541 3237 potest
558 3139 645 3211 fidei
662 3137 825 3211 fructum
854 3162 932 3211 esse
953 3147 1202 3236 peccato-rum

154 3253 414 3343 remissionem,
433 3255 502 3327 nisi
520 3253 628 3326 simul
645 3253 873 3349 intelligatur
887 3253 1061 3325 damnum
1079 3253 1125 3325 ab
1144 3252 1201 3325 in-

153 3368 331 3441 fidelitate
349 3392 428 3440 esse
439 3377 682 3465 peccatorum
701 3367 956 3439 retentionem.

205 3483 391 3557 Quorsum
421 3492 555 3572 autem,
584 3490 724 3577 quaeret
744 3479 841 3552 forte
875 3479 1017 3576 aliquis
1044 3479 1202 3575 apostoli

154 3595 288 3691 aliique
322 3594 487 3668 ecelesiae
521 3607 688 3693 pastores
723 3606 989 3682 convenerunt,
1025 3593 1200 3665 determi-

152 3708 266 3782 nandi
292 3732 403 3781 eausa
428 3733 511 3804 qnae
537 3708 812 3781 doctrinarum
838 3706 924 3780 fidei
950 3719 1029 3781 tnm
1054 3731 1200 3780 morum

153 3824 360 3912 doceretur,
387 3822 417 3896 si
445 3822 593 3896 decreta
623 3845 750 3894 eorum
785 3822 980 3894 observare
1010 3832 1200 3893 teneretur

153 3936 294 4010 nemo?
364 3935 425 4009 Ad
460 3936 559 4032 quod
593 3935 807 4031 responderi
841 3947 977 4031 potest,
1012 3933 1199 4030 apostolos

153 4051 460 4147 presbyterosque
477 4060 677 4145 praesentes
695 4049 733 4121 in
751 4048 919 4138 concilio,
939 4072 982 4121 eo
1000 4047 1080 4142 ipso
1099 4045 1200 4142 quod

153 4175 354 4259 praesentes
372 4187 450 4235 esse
465 4163 669 4252 voluerunt,
685 4161 891 4236 doctrinam
907 4162 1018 4247 illam,
1031 4185 1113 4258 quae
1132 4159 1198 4233 do-

153 4278 229 4349 ceri
256 4277 533 4368 decernebatur,
554 4276 688 4351 docere
715 4277 897 4373 obligatos
922 4275 1045 4365 fuisse,
1070 4288 1197 4371 quate-
