2926 4980
349 279 423 346 518
591 293 810 347 scunsmx
829 292 886 345 su
907 290 1174 345 uuvmruuu.

174 489 295 543 cler.
348 472 512 546 colurum
540 475 688 571 proprie
714 472 1023 548 dicuuturiuieri
1073 469 1231 546 Etiam
1217 492 1263 543 m
1282 466 1412 563 Scrip

159 573 308 689 {yffi
348 586 452 676 turis,
483 586 587 661 locus
614 589 679 663 nbi
705 588 831 662 hostes
861 586 1028 662 ecclesiae
1060 585 1244 659 dicuntur
1273 580 1408 669 futuri,

163 699 255 743 sm
348 700 448 772 varie
481 714 661 785 v;ocatur
702 701 924 798 quaudoque
963 700 1153 788 Geheuue,
1196 695 1407 794 aliquando

347 813 702 905 tcuebraeextemae,
721 815 847 904 idest,
865 810 1406 906 extraecclesiamDei,prop

347 936 405 997 ter
429 925 550 1000 lucem
576 928 769 1002 ecclesiae
759 952 798 1001 1u
822 927 983 1013 Goshen,
1000 928 1088 1024 quia
1103 950 1182 999 una
1206 924 1257 998 de
1282 925 1405 1021 plagis

346 1039 608 1136 AEgyptiorum
625 1052 705 1114 erut
718 1040 906 1126 tenebrae3
932 1039 1132 1138 uliqunudo
1155 1039 1264 1113 lucus
1291 1038 1402 1135 iguis,

353 1176 439 1226 cnm
468 1164 651 1250 respectu,
680 1173 784 1250 puto,
815 1153 863 1226 ad
888 1177 1040 1250 poennm
1057 1153 1341 1227 Sodomitarum
1366 1163 1404 1225 et

348 1265 684 1355 Gomorrhaeorum,
703 1278 741 1340 et
757 1267 880 1340 lacum
906 1266 1109 1339 bituminis.
1161 1264 1240 1338 Sed
1269 1265 1318 1339 de
1343 1265 1402 1338 his

351 1378 529 1467 nondum,
556 1379 657 1475 quod
674 1380 800 1469 sciam,
818 1380 1016 1475 quicquum
1033 1378 1192 1452 ecclesio
1219 1378 1401 1452 definivit

348 1490 528 1565 Doctores
545 1492 659 1588 aliqui
674 1493 797 1566 locum
815 1492 1075 1565 damnatorum
1086 1502 1301 1566 statuerunt
1317 1516 1401 1565 cum

350 1604 574 1680 Bellarmiuo
603 1629 684 1680 esse
708 1607 808 1680 circa
833 1617 1004 1680 centrum
1031 1618 1153 1694 terrae,
1170 1616 1227 1695 ut,
1244 1604 1401 1692 scilicet,

351 1716 565 1812 longissime
582 1718 738 1792 distaret
755 1744 779 1793 e
795 1719 889 1793 coelo
915 1719 1132 1802 beatorum;
1158 1719 1401 1814 respicientes

349 1829 446 1904 forte
476 1830 524 1904 ad
545 1855 675 1905 vocem
705 1832 743 1906 S.
769 1832 869 1907 Petri
896 1837 936 1922 (2
954 1831 1071 1927 Epist.
1093 1830 1132 1904 ii.
1150 1833 1192 1921 4)
1218 1830 1400 1919 Graecum,

347 1950 621 2042 ταρταρὶζομενος.
647 1946 697 2020 Et
709 1945 859 2042 quidem
872 1944 1008 2018 coelum
1020 1944 1135 2017 distn
1146 1968 1172 2017 a
1182 1956 1317 2018 centro
1330 1959 1401 2018 ter·

346 2081 398 2130 rae
413 2058 558 2154 longius
572 2082 683 2154 quam
695 2083 718 2131 a
730 2057 928 2155 superficie
942 2070 1062 2146 terrae,
1074 2069 1257 2153 quantum
1270 2071 1329 2131 est
1345 2070 1401 2132 to-

347 2184 428 2244 tum
444 2183 634 2267 punctum.
681 2171 755 2245 Sed
770 2195 846 2245 nou
865 2170 976 2244 credo
995 2169 1196 2244 credidisse
1213 2172 1401 2268 apostolos

349 2285 468 2382 poetis
495 2284 654 2359 ethnicis
686 2285 733 2358 de
762 2285 845 2359 loco
863 2285 1037 2368 Terteri;
1075 2307 1186 2381 quem
1213 2286 1401 2360 Hesiodus

349 2396 610 2471 tantundemu
634 2409 734 2471 terra
760 2397 897 2472 distme
923 2397 1025 2488 facit,
1051 2412 1232 2495 quantum
1254 2413 1402 2475 terroe

354 2510 461 2584 coelo.
513 2511 637 2602 lucus
664 2512 785 2608 inquit
801 2513 954 2607 (Theog.
974 2514 1153 2607 722-725)
1169 2536 1307 2586 novem
1324 2514 1402 2588 dies

355 2635 394 2697 et
411 2623 568 2697 totidem
587 2637 717 2697 noctes
734 2637 913 2722 perpetuo
932 2625 978 2699 de
991 2627 1085 2699 coelo
1102 2626 1238 2700 cadens
1256 2628 1404 2702 decimo

355 2737 414 2810 die
432 2738 592 2833 attinget
609 2750 770 2822 terram
797 2738 953 2811 totidem
979 2752 1102 2813 autem
1119 2753 1249 2814 noctes
1266 2757 1305 2815 et
1324 2743 1403 2816 dies

356 2861 594 2948 perpetuose
621 2863 722 2923 terra
752 2852 888 2924 cadens
915 2853 1105 2948 perveniet
1129 2853 1178 2926 ad
1202 2855 1404 2929 Tartarum

356 2965 415 3037 die
442 2964 597 3038 decimo.
664 2965 841 3061 Virgilius
869 2980 993 3039 antem
1012 2967 1126 3057 (AEn.
1144 2968 1193 3040 vi.
1213 2973 1400 3063 577-579)

355 3078 569 3150 distantiam
587 3088 725 3149 eterra
749 3079 797 3151 ad
820 3079 1016 3152 Tartarum
1041 3080 1098 3152 bis
1123 3093 1267 3154 tentam
1297 3083 1401 3172 facit,

354 3203 494 3287 quante
522 3202 577 3263 est
605 3216 627 3263 a
655 3190 749 3263 coelo
780 3191 829 3264 ad
856 3203 1004 3265 terram.
1057 3193 1241 3267 Caeterum
1269 3221 1402 3270 vocem

353 3305 452 3376 illam
471 3304 517 3376 ab
536 3304 705 3399 apostolo
720 3305 830 3378 Petro
850 3307 1007 3402 positam
1025 3330 1103 3380 esse
1120 3320 1211 3404 puto
1227 3310 1401 3406 figurate,

353 3417 453 3512 quod
482 3418 575 3490 solet
609 3418 690 3491 fieri
718 3418 764 3491 de
792 3420 918 3493 multis
947 3421 1169 3495 dictionibus
1197 3424 1401 3521 Scripturae

352 3530 486 3603 Sacrae.

401 3644 450 3716 B.
479 3644 677 3740 Utcunque
702 3645 741 3718 id
774 3646 832 3735 sit,
852 3645 897 3718 de
922 3647 1005 3720 loco
1031 3648 1290 3723 damnatorum
1307 3652 1400 3726 nihil

352 3759 397 3831 ab
422 3757 577 3831 ecclesia
602 3770 839 3855 congregata,
858 3761 986 3832 saltem
1012 3775 1189 3853 anostra,
1217 3764 1399 3840 hactenus

353 3871 547 3945 definitum
565 3881 633 3943 est.

404 3985 453 4057 A.
482 3982 651 4058 Secunda
680 3982 875 4057 difficultas
905 3995 972 4072 est,
1001 3983 1047 4057 de
1063 4008 1106 4059 eo
1133 3987 1232 4082 quod
1262 3988 1400 4065 dicitur

354 4104 376 4134 “
390 4097 619 4171 Incarnotus
645 4105 702 4169 est
733 4096 781 4168 de
798 4096 947 4194 Spiritu
971 4097 1141 4176 Sancto?
1190 4101 1288 4175 Nam
1307 4103 1400 4179 dicit

356 4213 507 4307 angelus
518 4212 566 4285 ed
576 4210 789 4306 Josephum‚
811 4211 963 4303 (Matth.
983 4213 1007 4285 i.
1026 4216 1114 4308 20):
1145 4213 1256 4298 Quod
1269 4216 1308 4290 in
1327 4217 1398 4291 illa

62 4500 245 4648 A
