2926 4980
340 387 393 440 nn
413 386 608 441 crvrrarn
628 389 896 444 cnarsrrarm.
1065 375 1135 443 381

95 557 207 630 etiam
224 581 402 631 conversa
426 560 465 632 in
487 559 652 656 linguam
669 560 836 634 Graecam
859 584 883 633 a
904 560 1139 657 septuaginta
1164 591 1339 643 cnnxnn.

95 670 297 744 senioribus
314 672 336 743 J
339 671 467 758 udaeae,
485 673 646 769 reposita
663 673 774 746 estin
791 673 1016 747 bibliotheca
1026 673 1137 747 Alex·
1174 675 1324 791 m

94 784 260 858 andrina.
312 785 402 858 Erat
423 797 547 859 autem
564 787 700 859 Esdras
716 786 887 860 sacerdos
906 811 1081 877 summus,
1100 796 1139 861 et
1174 797 1327 843 adme·

95 897 250 995 proinde
277 898 307 969 is
334 898 398 993 qui
420 923 600 972 summam
618 899 655 972 in
673 899 812 974 Judaeis
829 900 960 973 habuit
976 911 1139 998 potesta·

94 1023 171 1085 tem
189 1011 345 1083 civilem.
389 1012 521 1108 Itaque
535 1012 736 1108 Scripturae
752 1037 942 1109 nunquam
959 1014 1138 1087 hactenus

94 1124 196 1220 leges
212 1124 320 1198 factae
339 1136 456 1215 erant,
471 1126 541 1198 nisi
559 1150 581 1198 a
594 1149 736 1201 summo
750 1127 909 1201 civitatis
922 1128 1137 1224 imperante.

97 1237 153 1310 De
170 1238 408 1311 Testamento
427 1239 535 1312 Novo
553 1239 642 1312 satis
659 1252 815 1336 apparet
832 1264 878 1313 ex
898 1240 1059 1337 antiquis
1071 1240 1140 1314 Pa·

97 1352 226 1441 tribus,
255 1353 318 1448 qui
334 1351 485 1425 fuerunt
502 1364 589 1425 ante
612 1363 781 1449 tempora
796 1353 1029 1450 imperatoris
1043 1354 1139 1427 Con-

100 1466 254 1539 stantini
281 1465 422 1562 Magni,
449 1465 596 1562 quoda
622 1467 840 1541 Christianis
870 1467 1039 1541 omnibus
1070 1492 1138 1565 pro

95 1578 294 1651 dictamine
325 1578 482 1675 Spiritus
510 1580 648 1670 Sancti,
675 1591 714 1653 et
737 1580 893 1677 proinde
918 1605 986 1679 pro
1012 1582 1140 1679 regula

94 1691 180 1765 fidei
198 1703 387 1787 receptum
405 1704 485 1765 erat
500 1723 509 1776 ;
535 1705 641 1767 tanta
657 1705 737 1767 erat
753 1693 824 1766 illis
841 1694 1035 1768 doctorum
1058 1719 1141 1769 suo-

96 1829 178 1878 rum
204 1807 420 1880 reverentia.
472 1806 634 1881 Dubium
660 1831 749 1904 ergo
775 1831 850 1881 non
876 1819 944 1897 est,
969 1809 1058 1904 quin
1085 1834 1139 1899 ea,

96 1942 179 2015 quae
197 1920 371 2006 ecclesiis,
390 1944 480 2016 quas
497 1920 750 2007 condiderant,
769 1921 965 2016 scripserat
984 1923 1141 2026 Sanctus

96 2031 230 2107 Paulus
248 2032 385 2105 aliusve
403 2033 592 2129 apostolus
616 2032 675 2106 vel
701 2032 900 2129 discipulus
927 2033 1076 2125 Christi,
1094 2036 1139 2109 ab

98 2146 169 2220 illis
195 2146 371 2236 ecclesiis,
398 2147 680 2242 hominibusque
711 2169 803 2242 qnos
831 2146 879 2220 ad
905 2146 1141 2221 Christianis-

95 2283 197 2332 mum
225 2259 296 2357 ipsi
326 2272 597 2350 converterant,
615 2284 683 2358 pro
711 2284 798 2333 vera
820 2259 991 2334 doctrina
1016 2261 1141 2334 Chris·

96 2372 198 2446 tiana
230 2384 380 2469 recepta
403 2372 553 2446 fuerint.
605 2374 856 2447 Verrmtamen
890 2397 935 2448 eo
961 2385 1140 2471 tempore,

99 2486 245 2582 quando
271 2510 348 2560 non
382 2497 545 2582 potestas
571 2499 609 2560 et
634 2487 839 2560 authoritas
874 2487 1050 2577 doctoris,
1076 2487 1141 2560 sed

95 2600 324 2674 audientium
341 2600 433 2674 fides
449 2600 539 2675 fecit
560 2613 602 2675 ut
625 2600 887 2697 reciperentur,
905 2601 1141 2676 manifestum

99 2724 157 2788 est
174 2715 322 2787 Novum
348 2714 626 2788 Testamentum
654 2715 774 2812 legem
793 2716 933 2790 factum
959 2740 1048 2806 esse,
1066 2740 1142 2789 non

98 2830 145 2903 ab
180 2829 267 2926 ipsis
306 2829 494 2925 apostolis,
521 2828 586 2902 sed
622 2830 850 2926 Scripturam
883 2830 983 2904 illam
1021 2830 1142 2927 legem

98 2943 168 3017 sibi
191 2943 261 3039 ipsi
280 2942 417 3016 factam
438 2966 517 3016 esse
540 2943 586 3016 ab
614 2966 835 3039 unoquoque
860 2944 1139 3041 proselytarum.

149 3055 222 3129 Sed
243 3079 319 3128 non
343 3055 521 3151 quaeritur
534 3056 606 3128 hoc
620 3056 714 3144 loco,
733 3054 823 3152 quid
840 3056 1072 3130 Christianus
1088 3057 1141 3131 le-

97 3192 182 3267 gem
199 3169 257 3241 vel
275 3193 453 3242 canonem
471 3169 618 3242 sibimet
635 3169 706 3266 ipsi
729 3169 880 3254 fecerit3
921 3171 985 3267 qui
1011 3171 1141 3245 eodem

94 3285 177 3379 jure
196 3305 268 3377 quo
290 3280 433 3372 fecerit,
465 3282 616 3378 rejicere
638 3282 749 3355 etiam
772 3282 917 3378 potuit:
958 3283 1024 3357 sed
1052 3284 1142 3380 quid

97 3396 150 3468 ita
167 3395 237 3491 ipsi
253 3394 314 3467 lex
330 3394 430 3469 facta
447 3396 505 3485 sit,
524 3407 567 3468 ut
583 3396 682 3469 illam
707 3397 914 3493 transgredi
931 3399 1009 3471 sine
1026 3399 1142 3494 injus-

98 3508 182 3582 titia
198 3533 274 3582 non
290 3509 463 3604 potuerit.
490 3509 768 3584 Testamentum
783 3511 931 3585 Novum
944 3524 1031 3586 ante
1046 3512 1142 3586 Con-

99 3622 302 3695 stantinum
321 3623 513 3718 Magnum,
531 3623 602 3695 hoc
617 3647 739 3712 sensu,
757 3624 896 3697 nemini
923 3625 1047 3721 potuit
1064 3649 1143 3699 esse

96 3734 181 3820 lex3
208 3747 389 3832 repugnat
419 3736 518 3809 enim
545 3749 688 3811 naturae
718 3737 822 3834 legis.
874 3739 949 3812 Lex
973 3740 1083 3830 enim,
1101 3751 1143 3812 ut

98 3871 210 3945 supra
227 3872 325 3946 saepe
347 3848 487 3923 dictum
514 3862 580 3938 est,
606 3850 822 3924 mandatum
848 3864 906 3926 est
931 3853 1040 3941 illius,
1066 3853 1143 3925 sive

97 3961 257 4035 hominis
283 3962 359 4035 sive
380 3974 509 4053 coetns,
528 3965 592 4059 qui
609 3988 789 4037 summam
806 3964 919 4038 habet
935 3966 974 4039 in
992 3966 1142 4040 civitate

97 4074 372 4164 authoritatem,
390 4074 586 4172 legumque
602 4075 837 4151 ferendarum
851 4079 923 4174 jus,
938 4091 1143 4175 transgres-

98 4210 295 4284 sorumque
312 4188 595 4285 puniendorum,
612 4188 711 4263 solus
728 4190 852 4263 habet.
880 4191 1039 4265 Quando
1053 4216 1142 4289 ergo

98 4300 192 4375 alius
210 4301 430 4398 quicunque,
444 4313 580 4397 praeter
596 4301 712 4394 illum,
730 4303 876 4400 regulas
892 4304 1040 4379 vivendi
1054 4305 1143 4381 civi-
