2926 4980
366 400 419 450 uu
439 401 580 452 annuo
599 401 901 454 insenuerunt.
1079 386 1150 452 469

115 587 175 634 ma
192 564 316 636 existit
338 579 506 660 separata
529 590 552 638 a
574 590 739 662 corpore,
756 591 875 663 neque
892 591 958 663 per
970 568 1150 664 jejunium
1173 600 1250 651 cap,
1265 599 1361 650 xurv,

115 676 304 771 impetrari
320 678 514 775 quiequam
532 688 654 775 potest
667 679 809 768 animis,
823 704 905 775 quae
915 681 992 776 jam
1009 692 1096 754 sunt
1112 680 1150 754 iu
1180 680 1334 797 ὦ

115 788 208 860 coelo
221 789 279 861 vel
293 789 330 861 in
344 791 487 864 inferno
503 823 512 876 ;
531 791 696 889 sequitur
714 793 889 889 quasdam
902 817 981 867 esse
997 795 1150 884 animas,
1177 817 1328 876 amamus

115 924 198 996 quae
215 904 389 997 usquein
407 905 500 977 coelo
518 915 615 992 sunt,
633 928 752 1000 neque
769 905 808 978 in
824 905 968 979 inferno
982 939 991 991 ;
1018 918 1056 980 et
1068 930 1151 1003 pro·
1177 883 1356 991 fflffi.

115 1013 213 1102 inde,
231 1015 364 1088 debere
382 1041 443 1090 eas
461 1041 539 1090 esse
556 1018 594 1090 in
613 1017 723 1091 tertio
741 1018 863 1113 aliquo
887 1019 983 1108 loco,
1013 1020 1052 1093 id
1082 1034 1149 1110 est,
1178 1012 1347 1072 &filim

115 1128 153 1200 in
172 1131 397 1224 purgatorio.
463 1131 536 1205 Sed
553 1130 762 1228 negandum
779 1143 846 1221 est,
871 1132 970 1228 quod
987 1134 1150 1223 assumit,

116 1242 295 1316 Davidem
312 1244 394 1318 ideo
408 1247 603 1342 jejunasse,
627 1257 670 1319 ut
697 1245 835 1341 aliquid
852 1246 962 1320 Saulo
979 1258 1017 1320 et
1037 1247 1059 1320 J
1062 1270 1151 1320 ona-

114 1356 228 1430 tbano
246 1357 470 1453 impetraret.
521 1359 758 1432 Manifestum
777 1359 874 1433 enim
900 1372 968 1449 est,
989 1383 1151 1433 ceremo-

118 1469 197 1541 nias
214 1470 367 1544 usitatas
385 1471 582 1568 plangendi
601 1484 639 1545 et
662 1472 854 1568 jejunandi
871 1474 910 1546 in
936 1485 1054 1546 morte
1070 1472 1150 1568 qui-

117 1582 200 1655 dem
228 1607 366 1670 eorum,
397 1609 553 1680 quorum
580 1585 656 1657 vita
689 1584 947 1681 plangentibus
977 1586 1152 1659 damnosa

115 1708 180 1769 aut
196 1696 333 1769 inutilis
364 1708 455 1787 erat,
482 1697 632 1770 honoris
660 1709 804 1770 tantum
831 1723 940 1772 eausa
961 1699 1150 1783 adhiberi;

115 1808 154 1880 in
171 1821 291 1882 morte
318 1822 442 1884 autem
473 1810 673 1884 amicorum
698 1822 734 1884 et
757 1813 1056 1902 necessariorum,
1074 1812 1151 1887 luc-

115 1934 194 1995 tum
212 1947 291 1996 esse
309 1948 384 1999 non
408 1925 584 1998 litaniam.
647 1924 776 2021 Itaque
802 1925 921 1998 David
946 1926 1096 1998 Saulum
1114 1937 1151 1998 et

113 2036 364 2109 Jonathanum
387 2038 528 2133 jejunio
552 2062 618 2111 suo
636 2038 852 2111 honoravit:
879 2039 918 2110 in
940 2038 1071 2111 morbo
1089 2063 1152 2112 au·

114 2167 190 2222 tem
207 2151 347 2247 proprii
363 2152 441 2240 filii,
451 2151 592 2248 jejunio
611 2163 648 2224 et
665 2151 834 2247 precibus
851 2164 1005 2225 conatus
1017 2163 1073 2224 est
1083 2152 1151 2224 im-

114 2275 260 2359 petrare
276 2286 299 2336 a
315 2263 394 2336 Deo
417 2275 460 2336 ut
487 2264 778 2347 convalescerem
806 2263 903 2359 quod
929 2289 1013 2337 cum
1038 2264 1152 2361 impe·

115 2388 214 2449 trare
228 2400 302 2449 non
315 2377 447 2473 potuit,
461 2378 628 2472 jejunare
646 2376 767 2449 desiit.

166 2490 209 2563 In
227 2490 371 2563 caeteris
389 2490 477 2563 locis
495 2515 578 2587 quae
595 2491 687 2563 citat
702 2491 928 2564 Testamenti
938 2492 1093 2581 Veteris,
1104 2516 1152 2565 ne

117 2604 221 2675 eolor
245 2603 394 2700 quidem
420 2603 648 2700 probationis
675 2604 770 2677 ullus
800 2616 868 2677 est.
933 2604 1151 2700 Ubicunque

115 2715 253 2788 dicitur
272 2716 526 2814 igniasuror,
545 2718 654 2807 ustio,
674 2719 874 2816 purgatio,
901 2719 1102 2808 mundatio,
1120 2720 1151 2792 si

114 2829 224 2902 modo
251 2831 399 2902 Patrum
424 2830 556 2926 aliquis
572 2832 685 2904 verba
701 2831 825 2904 illaad
843 2831 1047 2905 doctrinam
1064 2856 1150 2928 pur-

113 2942 246 3037 gatorii
264 2943 301 3014 in
319 2942 495 3016 concione
513 2943 720 3040 applicavit,
746 2954 901 3016 utuntur
927 2944 997 3017 illis
1025 2945 1149 3018 Ponti-

114 3055 188 3127 ficii
206 3067 247 3127 ut
265 3055 421 3128 totidem
439 3056 665 3151 argumentis
686 3080 754 3152 pro
771 3058 995 3152 purgatorio.
1040 3058 1150 3131 Quod

115 3167 205 3240 dicit
223 3168 342 3241 David
362 3169 472 3261 (Psal.
484 3169 619 3242 xxxvii.
638 3171 696 3261 l):
724 3171 893 3260 Domine,
906 3196 951 3244 ne
964 3171 1151 3268 iosurore

116 3291 177 3354 tuo
205 3305 352 3378 arguas
381 3306 448 3367 me,
476 3307 594 3379 neque
618 3282 656 3355 iu
682 3282 744 3355 ira
772 3293 837 3356 tuo
860 3284 1052 3379 corripies
1069 3310 1150 3367 me;

115 3394 288 3489 quidhoc
306 3393 353 3467 ad
370 3394 636 3491 purgatorium,
657 3395 728 3468 nisi
746 3396 971 3490 Augustinus
987 3396 1150 3471 furorem

115 3518 374 3602 comparasset,
385 3506 600 3603 praedicans,
609 3508 689 3603 igni
699 3508 895 3598 Gebennae,
913 3520 950 3581 et
967 3509 1060 3583 iram
1073 3511 1150 3607 igni

114 3618 345 3714 purgatorii?
396 3621 445 3693 Et
463 3620 550 3717 quid
568 3622 615 3694 ad
632 3622 885 3718 purgatorium
902 3624 1035 3698 attinet
1053 3625 1152 3720 quod

115 3731 249 3804 dicitur
266 3732 373 3822 (Psal.
391 3733 463 3806 lxv.
489 3739 566 3827 12):
599 3733 852 3808 Troasioimue
874 3761 949 3834 per
974 3736 1097 3834 ignem
1114 3747 1152 3810 et

115 3870 274 3942 uquam:
300 3855 339 3918 et
356 3845 521 3919 eduxisti
535 3870 601 3919 nos
628 3847 667 3919 ia
694 3847 976 3946 refrigerium?
1027 3850 1152 3923 Tenti-

114 3960 183 4031 bus
200 3957 408 4054 hujusmodi
426 3970 583 4032 utuntur
608 3959 778 4032 doctores
797 3984 870 4034 non
887 3962 1006 4059 logice
1020 3965 1058 4036 in
1077 3988 1152 4037 ser-

114 4072 282 4144 monibus
300 4083 337 4144 et
355 4072 654 4168 expositionibus,
672 4074 738 4147 sed
754 4074 947 4148 rhetorice.

165 4185 263 4257 Citat
280 4184 391 4257 etiam
407 4184 490 4258 loca
506 4185 628 4282 aliqua
653 4187 882 4261 Testamenti
914 4190 1010 4262 Novi
1040 4191 1147 4286 eupli·

115 4312 201 4372 catu
219 4298 434 4388 difficiliora,
452 4313 495 4372 ut
513 4300 647 4372 Matth.
667 4300 728 4373 xii.
744 4311 813 4375 32:
841 4303 1050 4401 quicunque
1068 4303 1136 4378 die
