2926 4980
312 318 360 385 48
700 336 754 388 on
775 337 957 394 nonnus.

129 528 206 580 cnr.
218 530 267 583 vr.
310 502 397 598 quia
427 506 656 601 preteritum
687 507 916 584 immutabile
950 521 1031 594 est;
1070 532 1190 607 neque
1223 534 1347 586 rerum

114 610 271 732 „mm
310 641 401 713 quas
432 619 565 692 scimus
590 621 649 694 vel
675 634 846 719 putamus
874 646 953 697 esse
982 623 1235 719 impossibiles,
1262 626 1348 722 quia

113 737 287 850 *mem
214 745 286 785 m·
309 731 438 804 talium
469 731 694 807 deliberatio
723 759 819 808 vana
848 747 915 809 est.
969 736 1254 833 Impossibilium
1282 763 1348 812 an-

181 805 287 857 mm
309 854 396 933 tem,
426 868 508 940 quae
534 846 721 942 possibilia
747 870 826 921 esse
856 849 1088 940 arbitramur,
1120 849 1347 925 deliberatio

309 956 428 1047 datur,
445 969 616 1055 utquam
633 984 764 1034 vanam
781 984 861 1034 esse
874 962 1068 1035 nescimus
1107 962 1347 1037 Deliberotio

308 1082 431 1144 autem
452 1071 535 1146 ideo
557 1073 704 1162 dicitur,
722 1073 809 1170 quia
829 1075 1021 1162 libertatis
1041 1100 1148 1171 quam
1171 1076 1348 1151 habemus

308 1184 467 1258 faciendi
487 1186 737 1273 omittendive‚
760 1187 842 1260 finis
866 1200 932 1260 est.
984 1187 1138 1262 Alterna
1158 1188 1239 1261 haec
1266 1213 1349 1263 suc·

309 1297 426 1372 cessio
457 1300 651 1395 appetitus,
686 1300 897 1388 aversionis,
936 1312 1021 1390 etc,
1055 1302 1258 1374 communis
1291 1311 1348 1375 est

308 1411 450 1486 homini
472 1437 556 1486 cum
583 1414 801 1488 animalibus
822 1414 974 1488 caeteris.
1028 1414 1125 1488 Nam
1142 1414 1349 1488 deliberant

309 1525 422 1598 ctiam
437 1526 576 1600 bestiae.

359 1638 582 1714 Deliberatio
599 1640 696 1713 finiri
712 1654 801 1714 tunc
818 1640 965 1730 dicitur,
979 1641 1126 1738 quando
1141 1641 1192 1731 id,
1210 1642 1255 1715 de
1273 1666 1346 1738 quo

308 1750 549 1826 deliberatum
573 1764 640 1843 est,
666 1752 805 1826 factum
832 1764 888 1827 est
913 1754 971 1826 vel
998 1755 1185 1827 redditum
1210 1756 1346 1851 impos·

307 1863 410 1938 sibile
425 1896 434 1949 ;
460 1877 656 1962 propterea
672 1866 772 1962 quod
797 1877 948 1940 eatenus
965 1866 1172 1940 libertatem
1187 1867 1347 1940 faciendi

307 1977 365 2050 vel
381 2001 456 2050 non
473 1978 631 2051 faciendi
648 2003 715 2074 pro
733 1979 887 2052 arbitrio
902 1980 1115 2053 retinemus.

146 2128 199 2160 on
235 2149 240 2160 .
357 2090 401 2164 In
427 2091 703 2181 deliberatione,
730 2093 914 2188 appetitus
942 2093 1094 2166 ultimus
1120 2093 1179 2166 vel
1204 2093 1345 2167 aversio

305 2205 455 2296 actioni,
474 2206 519 2278 de
545 2230 618 2302 qua
642 2206 883 2279 deliberatum
906 2217 972 2296 est,
996 2207 1206 2280 immediate
1223 2206 1346 2279 adhae-

307 2341 404 2409 rens,
430 2330 485 2392 est
510 2318 680 2393 volontas
692 2347 706 2403 ,·
736 2331 852 2409 actus,
877 2320 1040 2416 inquam,
1064 2345 1139 2394 non
1168 2320 1345 2416 potentia,

307 2432 466 2506 colendi.
518 2432 627 2507 Unde
650 2433 813 2529 sequitur
839 2433 989 2522 bestias,
1016 2434 1102 2529 qnia
1128 2433 1344 2523 deliberant,

307 2546 418 2619 etiam
431 2545 621 2620 voluntate
634 2545 807 2642 praeditas
825 2569 915 2619 esse.
960 2546 1134 2620 Definitio
1147 2546 1345 2620 voluntatis

307 2659 536 2749 scholastica,
555 2683 687 2756 nempe
712 2659 935 2732 volontatem
959 2659 1166 2757 appetitum
1183 2683 1265 2731 erre
1281 2682 1347 2731 ro-

306 2772 491 2862 tiooolero,
516 2772 681 2868 legitima
710 2796 784 2845 non
813 2783 879 2844 est.
932 2771 1029 2844 Nam
1054 2772 1084 2844 si
1110 2782 1218 2860 esset,
1245 2774 1347 2846 nulla

306 2886 455 2959 omnino
467 2910 547 2959 esse
557 2897 680 2982 posset
690 2885 1000 2958 actiovoluntaria
1010 2896 1139 2957 contra
1148 2885 1344 2958 rationem.

305 2998 413 3071 Actio
431 2999 527 3070 enim
544 2998 751 3070 voluntaria
768 3008 823 3070 est
841 3021 897 3086 ea,
916 3021 998 3094 quae
1015 3021 1037 3070 a
1054 2996 1242 3070 voluntate
1259 3021 1345 3092 pro·

305 3110 492 3199 ficiscitur,
528 3133 596 3182 nec
630 3110 705 3182 ulla
738 3109 820 3183 alia.
874 3110 985 3185 Quod
1018 3109 1048 3182 si
1080 3133 1147 3205 pro
1176 3109 1343 3205 appetitu

304 3222 474 3296 rationali
497 3222 660 3295 dicamus
683 3224 887 3319 appetitum
909 3223 973 3319 qui
991 3223 1108 3296 oritur
1124 3247 1147 3296 a
1165 3222 1342 3296 delibera-

303 3337 404 3410 tione
430 3336 682 3425 antecedente,
699 3348 788 3409 tunc
813 3337 977 3410 definitio
1003 3337 1131 3410 eadem
1154 3348 1210 3411 est
1233 3363 1343 3435 quam

302 3450 389 3540 dixi,
424 3474 554 3546 nempe
595 3450 745 3523 ultimus
786 3451 824 3523 in
867 3450 1102 3525 deliberando
1141 3453 1339 3549 appetitus.

306 3564 525 3660 Quanquam
543 3576 668 3637 autem
685 3564 796 3660 vulgo
820 3563 1017 3660 saepissime
1040 3564 1204 3638 dicamus
1227 3566 1344 3639 habu-

304 3676 375 3750 isse
401 3677 560 3773 aliquem
584 3676 812 3750 voluntatem
836 3676 996 3749 faciendi
1021 3675 1072 3766 id,
1098 3677 1199 3774 quod
1222 3679 1344 3753 facere

302 3802 430 3886 postea
446 3790 586 3874 noluit;
612 3788 650 3862 id
674 3801 797 3862 tamen
823 3813 899 3862 non
920 3790 1091 3862 voluntas
1111 3791 1259 3887 proprie
1276 3804 1343 3880 est,

302 3903 366 3976 sed
383 3903 586 3992 inclinatio,
601 3927 683 3999 quae
697 3903 882 3976 actionem
897 3924 972 3974 non
989 3901 1079 3975 facit
1095 3915 1137 3976 ut
1156 3905 1204 3977 sit
1216 3904 1344 3976 volun-

301 4018 406 4105 taria,
425 4042 506 4113 quae
532 4016 739 4112 dependere
765 4015 875 4088 debet
900 4038 975 4087 non
1001 4015 1047 4088 ab
1073 4018 1185 4107 omni,
1207 4015 1272 4088 sed
1296 4016 1343 4087 ab

300 4130 429 4203 ultimo
465 4131 642 4227 appetitu.
700 4128 990 4203 Intervenientes
1024 4129 1123 4202 enim
1157 4129 1342 4226 appetitus
