2926 4980
525 357 580 408 DE
601 355 785 408 HOMINE.

533 745 695 819 CAPUT
721 743 784 818 IV.

535 956 583 1004 Du
601 953 784 1003 stantona.

120 1097 342 1170 vanualo
374 1094 477 1168 ortis
507 1093 812 1193 typographicae,
839 1115 1049 1188 quanquam
1075 1090 1180 1186 inge-

1218 1115 1296 1163 CAP.
1310 1115 1355 1164 lv.

1220 1197 1355 1230 »ao-

123 1211 241 1298 uiosa,
261 1208 404 1281 collata
415 1219 541 1281 tamen
560 1231 644 1279 cum
658 1205 871 1279 inventione
889 1204 1087 1277 literarum
1103 1227 1179 1275 non
1214 1254 1355 1299 mm,

124 1345 345 1420 magnares
365 1332 434 1394 est.
487 1320 630 1392 literas
656 1330 780 1392 autem
805 1318 886 1414 quis
909 1315 1051 1389 invenit
1072 1317 1179 1413 igno-

125 1451 242 1509 ratur.
299 1435 376 1510 Qui
394 1434 535 1530 primus
556 1433 637 1506 illas
662 1432 789 1506 intulit
811 1432 850 1505 in
867 1430 1060 1520 Graeciam,
1080 1431 1180 1503 Cad-

127 1574 229 1622 mum
248 1571 331 1620 esse
351 1545 490 1636 ferunt,
516 1546 633 1618 filium
652 1544 834 1641 Agenoris
853 1543 950 1639 regis
968 1542 1179 1616 Phoeniciae.

129 1661 399 1758 Excogitatum
417 1659 466 1733 ad
482 1659 802 1755 perpetuationem
822 1657 1009 1730 memoriae
1036 1668 1180 1753 tempo-

129 1778 179 1850 ris
197 1773 385 1871 praetcriti
401 1784 439 1846 et
465 1772 513 1844 ad
530 1771 830 1867 conjunctionem
847 1771 994 1867 generis
1011 1771 1177 1860 humani,

127 1892 166 1962 in
196 1901 259 1962 tot
286 1899 430 1960 ettam
461 1886 639 1958 distantes
671 1885 770 1959 orbis
797 1895 980 1957 terrarum
1012 1885 1181 1980 regiones

129 2001 300 2099 dispersi,
314 1999 573 2082 utilissimum
599 1999 771 2094 idemque
785 1997 893 2070 simul
911 1997 1179 2089 difficillimum,

128 2126 262 2212 utpote
296 2112 506 2208 profectum
533 2113 580 2185 ab
611 2110 866 2191 observatione
900 2110 1181 2206 diligentissima

129 2241 304 2303 motuum
325 2225 475 2320 linguae,
498 2225 624 2321 palati,
651 2225 849 2312 labrorum,
871 2223 1100 2320 aliorumque
1126 2225 1180 2299 lo-

129 2340 272 2438 quendi
298 2361 534 2436 organorum,
560 2339 613 2410 ita
635 2350 678 2409 ut
703 2336 860 2410 totidem
881 2348 1003 2410 essent
1029 2339 1180 2411 charac-

129 2469 255 2527 terum
273 2450 504 2539 differentiae,
530 2450 662 2547 quibus
684 2448 1009 2545 distinguerentur.
1065 2451 1095 2522 N
1102 2452 1189 2523 obi-2

129 2569 272 2642 lissima
298 2576 424 2638 autem
449 2576 488 2636 et
513 2563 676 2637 omnium
701 2562 895 2636 utilissima
919 2563 990 2635 fuit
1016 2563 1180 2638 inventio
1205 2624 1209 2630 .

130 2679 327 2768 sermome,
362 2703 409 2752 ex
443 2676 647 2751 nominibus
677 2677 753 2749 sive
787 2676 1109 2775 appellationibus
1143 2693 1181 2753 et

131 2817 264 2868 eorum
298 2791 528 2866 connexione
562 2791 812 2880 consistentis,
847 2792 981 2888 quibus
1017 2793 1181 2889 cogitata

131 2908 327 2981 hominum
344 2904 540 2993 conscribi,
568 2905 733 2977 revocari
756 2905 795 2977 in
821 2907 1048 2996 memoriam,
1070 2920 1108 2980 et
1133 2908 1180 2980 ab

132 3045 211 3093 uno
227 3019 278 3092 ad
293 3018 407 3091 alium
432 3017 600 3112 patefieri
623 3029 791 3112 possunt,
814 3017 863 3090 ad
881 3042 1008 3092 eorum
1027 3045 1180 3093 conver-

134 3134 317 3207 sationem
340 3140 379 3203 et
404 3130 603 3203 utilitatem
624 3142 801 3204 mutuam.
856 3133 952 3205 Nam
971 3135 1110 3232 absque
1136 3160 1180 3208 eo

133 3272 213 3321 non
228 3245 359 3318 fuisset
374 3244 474 3317 inter
494 3244 663 3317 homines
684 3268 805 3340 neque
824 3246 1040 3341 respublica,
1060 3272 1180 3343 neque

134 3359 305 3448 societas,
331 3380 453 3454 neque
479 3368 640 3452 pactum,
668 3381 789 3453 neque
814 3384 899 3454 pax,
926 3361 1043 3455 magis
1070 3386 1181 3457 quam

135 3474 235 3546 inter
264 3472 402 3559 leones,
437 3494 553 3561 ursos,
585 3483 623 3544 et
652 3471 769 3567 lupos.
823 3473 1013 3546 Sermonis
1047 3475 1183 3547 author

134 3588 277 3684 primus
310 3584 382 3657 fuit
409 3584 540 3673 Adam,
570 3585 634 3681 qui
664 3599 864 3676 creaturas,
900 3612 990 3683 quas
1018 3587 1067 3660 ad
1094 3611 1183 3659 con-

136 3714 305 3796 spectum
323 3699 403 3794 ejus
420 3697 576 3770 adduxit
594 3700 705 3788 Deus,
723 3700 937 3774 nominavit.
991 3703 1185 3775 Hactenus

134 3825 281 3887 tanturn
304 3811 352 3884 de
378 3835 423 3883 ea
448 3834 488 3883 re
514 3811 706 3907 Scriptura
724 3812 861 3897 Sacra3
889 3813 955 3886 sed
980 3815 1185 3889 sufficiebat

134 3927 206 4000 hoc
233 3950 303 4022 pro
330 3924 393 3996 illo
419 3935 597 4020 tempore.
649 3925 747 3997 Nam
775 3926 905 3999 eodem
935 3929 1045 4000 modo
1074 3931 1184 4002 rebus

133 4039 215 4113 aliis
242 4038 319 4112 alia
347 4037 497 4110 nomina
521 4037 725 4133 imponere,
751 4051 862 4134 prout
893 4041 1121 4136 experientia
1148 4055 1185 4115 et

133 4165 395 4228 creaturarum
405 4175 492 4224 usus
503 4152 720 4248 postularet,
733 4153 865 4248 potuit,
878 4178 994 4250 eaque
1005 4155 1185 4250 paulatim

133 4270 185 4343 ita
202 4278 442 4352 connectere,
467 4275 508 4337 ut
525 4266 814 4362 intelligeretur;
841 4279 952 4363 atque
979 4268 1049 4341 hoc
1074 4268 1185 4340 modo
