2926 4980
499 402 553 454 on
573 402 781 455 crvrusuu.
1097 388 1166 453 153

169 571 210 644 Si
223 569 280 642 vir
294 580 334 642 et
356 591 465 658 uxor,
490 577 712 665 potestatem
729 562 770 640 in
786 565 938 640 diversis
956 567 1170 640 civitatibus
1204 600 1283 651 cip,
1298 601 1359 651 xx,

119 706 302 756 summam
318 680 512 767 habentes
527 680 644 752 filium
660 680 833 766 habeant,
848 679 942 752 etde
954 679 1118 752 dominio
1132 680 1171 754 in
1212 681 1356 788 M

120 797 225 870 illum
238 795 476 882 contrabant,
495 793 700 867 dominium
719 794 939 888 dependeta
965 804 1170 867 contractu.
1212 813 1335 886 meropes

124 910 265 983 Sinon
293 907 529 996 contrahant,
558 906 728 980 domiuus
753 907 811 979 vel
839 906 989 980 domina
1019 918 1076 980 est
1107 908 1171 981 cui
1213 873 1329 932 m

124 1022 329 1097 dominium
346 1021 452 1116 regni
470 1033 537 1110 est,
552 1021 591 1093 in
609 1045 683 1117 quo
702 1021 867 1093 nascitur
879 1021 1000 1105 filius;
1027 1022 1113 1118 quia
1129 1022 1170 1111 is,

124 1136 189 1234 qui
214 1135 374 1208 civitatis
401 1132 604 1205 dominium
629 1133 753 1219 habet,
772 1133 908 1206 civium
934 1135 1098 1208 omnium
1132 1135 1172 1208 in

125 1275 171 1324 ea
185 1262 360 1322 natorum
378 1247 549 1320 dominus
566 1260 636 1320 est.

178 1363 252 1438 dui
266 1361 438 1435 dominus
451 1361 515 1434 filii
528 1361 775 1451 est,dominus
787 1385 933 1457 quoque
947 1374 1003 1434 est
1013 1362 1173 1435 filiorum

126 1476 220 1560 filii;
244 1473 333 1569 quia
355 1473 420 1570 qui
442 1474 502 1569 jus
532 1475 571 1546 in
595 1497 789 1569 personam
808 1474 932 1563 habet,
946 1477 1007 1570 jus
1026 1498 1172 1570 quoque

126 1589 240 1663 habet
250 1589 290 1660 in
307 1611 352 1661 ea
369 1611 451 1684 quae
468 1598 554 1661 suut
570 1610 747 1683 personae.

176 1704 199 1776 J
202 1727 245 1776 us
262 1700 506 1774 successionis
522 1700 570 1773 ad
597 1700 801 1773 dominium
818 1713 1013 1797 paternum
1043 1700 1173 1774 eodem

128 1815 239 1889 modo
252 1813 431 1911 procedit,
446 1838 520 1910 quo
535 1815 573 1887 in
585 1815 799 1914 monarchia
811 1838 877 1911 per
888 1815 1173 1904 institutionem,

129 1929 175 2002 de
193 1952 268 2024 qua
285 1926 428 2000 dictum
446 1938 503 2000 est
521 1927 560 2000 in
577 1928 697 2023 capite
711 1927 957 2022 praecedente.

179 2038 393 2115 Dominium
416 2065 483 2136 per
505 2041 697 2113 victoriam
714 2041 753 2112 in
770 2039 868 2113 bello
886 2042 1107 2137 acquisitum
1128 2042 1173 2114 ab

129 2155 312 2250 aliquibus
331 2153 570 2248 scriptoribus
587 2152 817 2248 despoticum
835 2155 1052 2250 appellatur,
1077 2154 1175 2250 quod

131 2288 188 2340 est
205 2265 409 2339 dominium
427 2266 542 2338 herile
560 2266 599 2338 in
617 2290 750 2339 servos
803 2267 873 2340 Per
900 2269 1093 2342 victoriam
1110 2293 1175 2341 au-

131 2393 208 2453 tem
228 2379 448 2474 acquisitum
465 2390 555 2450 tunc
573 2390 639 2468 est,
651 2378 798 2474 quando
809 2380 1067 2454 victivitandae
1077 2405 1175 2453 mor-

131 2495 179 2568 tis
209 2492 434 2566 imminentis
463 2515 575 2565 causa
595 2492 758 2566 facturos
782 2517 821 2566 se
840 2494 1088 2590 paciscuntur,
1106 2517 1174 2590 pro

131 2609 210 2681 vita
220 2619 258 2680 et
267 2606 438 2678 libertate
452 2605 617 2701 eorporis
628 2630 812 2693 concessa,
818 2608 994 2704 quicquid
1004 2633 1027 2681 a
1036 2609 1175 2681 victore

133 2719 385 2817 imperabitur.
446 2718 534 2792 Post
566 2706 717 2814 pactum
747 2719 838 2793 illud
873 2721 992 2794 victus
1025 2721 1176 2794 victoris

132 2857 261 2908 servus
279 2844 347 2905 est.
400 2831 511 2906 Quod
528 2855 663 2905 nomeu
675 2845 798 2906 utrum
817 2858 864 2906 an
878 2859 901 2906 a
918 2858 1063 2908 servare
1089 2859 1136 2908 au
1154 2858 1177 2907 a

132 2947 271 3020 servire
285 2945 483 3034 derivetur,
499 2945 689 3041 disputent
701 2949 945 3043 grammatici.
986 2950 1177 3044 Significat

133 3075 352 3135 autemnon
382 3070 532 3154 captum
561 3059 667 3131 llum
696 3059 760 3155 qui
779 3083 925 3133 carcerc
944 3062 1177 3135 concluditur

133 3187 199 3250 aut
217 3172 355 3248 catenis
371 3173 646 3268 constringitur,
659 3172 724 3245 sed
739 3184 886 3269 captum
899 3175 1002 3247 illum
1015 3176 1077 3271 qui
1090 3200 1176 3271 pac-

134 3301 176 3364 to
195 3288 330 3360 servire
348 3285 546 3381 obligatur.
597 3285 753 3358 Vinctus
768 3287 866 3358 enim
884 3289 942 3360 vel
973 3288 1176 3361 incarcera-

134 3416 210 3489 tus,
227 3412 271 3471 ut
298 3400 360 3495 qui
378 3423 464 3471 cum
483 3399 623 3471 victore
641 3399 733 3471 nihil
750 3411 880 3494 pactus
898 3413 965 3489 est,
980 3402 1080 3475 nullo
1094 3404 1176 3497 jure

135 3513 254 3588 teneri
276 3522 398 3609 potest
423 3511 513 3606 quin
541 3535 737 3601 carcerem,
757 3513 787 3585 si
819 3526 953 3608 potest,
971 3515 1177 3611 effringere,

136 3626 286 3700 vincula
302 3624 521 3720 dirumpere,
535 3625 714 3697 victorem
725 3625 943 3715 interficere,
958 3641 1023 3699 aut
1040 3627 1078 3699 in
1103 3651 1178 3699 ser-

137 3742 294 3814 vitutem
329 3738 488 3811 vicissim
519 3738 702 3812 adducere
732 3740 816 3833 jure
849 3740 977 3835 possit.
1040 3739 1179 3835 Captus

139 3866 264 3927 antem
282 3852 345 3948 qui
362 3875 429 3948 pro
456 3852 627 3925 libertate
655 3875 833 3949 corporea
857 3853 1013 3927 fideliter
1043 3853 1178 3926 servire

140 3980 268 4065 pactus
286 3978 356 4052 est,
367 3965 466 4038 idem
476 3965 597 4038 facere
614 3967 692 4039 sine
708 3966 809 4061 pacti
829 3966 1038 4057 violatione,
1050 3968 1089 4041 id
1110 3979 1178 4057 est,

141 4080 218 4152 sine
234 4080 370 4175 injuria
384 4103 459 4151 non
477 4089 610 4175 potest.

192 4192 278 4265 Non
296 4215 384 4288 ergo
398 4216 421 4263 a
431 4191 585 4264 victoria
597 4193 658 4287 jus
675 4191 840 4281 dominii,
854 4193 919 4266 sed
936 4194 1056 4267 avicti
1069 4206 1179 4290 pacto
1213 4280 1217 4287 ¹

145 4305 326 4389 nascitur;
353 4328 472 4401 neque
489 4329 533 4378 eo
554 4306 750 4402 obligatur,
765 4305 863 4402 quod
881 4319 1011 4404 captus
1028 4320 1095 4398 est,
1115 4308 1180 4382 sed
