2926 4980
350 325 419 393 108
737 342 792 395 nn
811 343 996 395 ιιοιιιιιιι.

149 536 227 586 erp
238 537 313 591 nv
394 503 535 578 Pacisci
564 529 649 579 cum
681 507 811 597 brutis,
838 507 927 603 quia
957 531 1125 582 sermone
1154 519 1283 582 carent
1315 531 1388 605 quo

133 675 311 736 Deduabuepri

163 618 553 692 *voluntates
576 620 785 716 significare
804 631 969 750 possunt,
987 621 1200 717 impossible
1217 633 1287 696 est.

131 738 269 798 ιιῑιῐιιιιιι
241 692 321 788 mlo
397 732 536 806 Pacisci
563 757 647 806 cum
673 735 765 822 Deo,
792 734 865 806 nisi
895 734 1080 808 mediante
1113 737 1249 833 aliquo,
1278 760 1388 867 quem

132 804 242 850 uranum
242 808 320 859 ‚dect

133 839 287 917 masta
346 845 446 919 Deus
463 845 684 941 alloquatur,
697 847 756 920 vel
773 871 837 943 qm
825 847 976 920 locum
990 847 1059 922 Dei
1075 860 1201 922 teneat
1201 850 1390 946 ,impossi-

345 958 419 1032 bile
436 970 515 1043 est;
542 960 649 1034 aliter
673 960 783 1049 euim,
801 984 849 1032 an
866 961 966 1035 Deus
983 962 1091 1035 etiam
1106 974 1236 1059 pactus
1254 964 1303 1036 sit
1318 988 1389 1037 nec

343 1094 404 1163 ne,
421 1073 644 1168 ignoramus.
671 1074 800 1169 Itaque
818 1073 882 1170 qui
899 1086 1009 1147 vovet
1026 1075 1105 1148 Deo
1123 1076 1273 1172 aliquid,
1289 1076 1389 1173 quod

344 1195 475 1259 contra
491 1187 610 1282 legem
627 1185 833 1259 naturalem
850 1185 911 1276 sit,
924 1187 1061 1261 frustra
1076 1202 1198 1279 vovet,
1217 1191 1305 1285 quia
1316 1190 1387 1263 illi-

343 1298 458 1371 citum
473 1312 550 1373 est:
578 1300 634 1372 sin
652 1300 733 1395 lege
759 1298 916 1371 naturali
933 1300 1148 1374 mandatum
1173 1302 1232 1392 sit,
1249 1302 1389 1378 frustra

343 1424 411 1501 est,
431 1413 517 1508 quia
542 1437 692 1501 vovenS,
723 1436 798 1485 non
828 1424 915 1485 voto
943 1437 1022 1503 suo,
1046 1415 1112 1488 sed
1137 1426 1278 1489 naturae
1305 1416 1389 1514 lege

342 1525 539 1621 obligatur.

393 1640 551 1714 Materia
567 1639 643 1712 sive
667 1640 852 1736 objectum
869 1650 1062 1735 pactorum
1086 1664 1230 1738 semper
1247 1641 1388 1736 aliquid

341 1766 410 1842 est,
429 1753 565 1851 dequo
584 1754 780 1828 deliberari
795 1763 931 1850 potest,
948 1765 1145 1851 propterea
1169 1755 1270 1852 quod
1296 1754 1381 1827 deli-

342 1866 496 1957 beratio,
510 1891 592 1964 quae
607 1877 664 1941 est
674 1879 778 1941 actus
788 1868 1000 1957 voluntatis,
1015 1866 1232 1963 intelligitur
1242 1889 1388 1962 semper

342 1980 389 2053 de
406 1981 544 2071 futuro,
563 1992 601 2055 et
618 1982 664 2055 de
682 2003 726 2054 eo
741 1980 842 2077 quod
858 2005 881 2054 a
896 1981 1107 2079 paciscente
1120 1980 1201 2053 fieri
1213 1980 1387 2078 possibile

342 2094 582 2168 existimatur.

392 2208 522 2303 Itaque
545 2206 762 2303 promittere
780 2232 834 2296 ea,
853 2231 937 2303 quae
964 2207 1203 2302 impossibilia
1219 2229 1298 2279 esse
1316 2204 1387 2278 sci-

342 2342 436 2409 mus,
459 2320 596 2416 pacisci
614 2344 689 2393 non
707 2330 773 2393 est.
825 2320 876 2392 At
893 2319 923 2391 si
940 2319 1134 2414 contingat
1148 2330 1234 2415 post
1250 2319 1386 2415 impos-

343 2433 448 2507 sibile
466 2458 558 2524 esse,
577 2432 676 2530 quod
692 2432 909 2506 credebatur
926 2431 1113 2529 possibile,
1130 2444 1281 2528 pactum
1298 2431 1387 2504 vali-

344 2547 432 2620 dum
473 2556 541 2637 est,
576 2545 789 2642 obligatque
822 2545 871 2617 ad
902 2543 1165 2641 praestandum,
1198 2569 1274 2617 non
1309 2569 1387 2617 rem

341 2659 570 2757 promissam,
597 2658 663 2732 sed
691 2659 933 2742 tantundem
973 2657 1031 2730 sin
1057 2657 1129 2731 hoo
1159 2682 1304 2754 quoque
1339 2659 1388 2732 sit

342 2772 577 2868 impossibile,
593 2771 641 2844 ad
658 2784 833 2844 conatum
842 2771 1041 2867 praestandi
1057 2782 1236 2866 quantum
1250 2782 1386 2867 potest.

393 2887 513 2959 Pactis
529 2885 730 2958 liberamur
746 2884 890 2957 duobus
908 2884 1039 2972 modis,
1059 2884 1090 2955 si
1107 2885 1388 2980 praestiterimus

340 2999 401 3073 vel
418 2999 450 3072 si
466 2997 716 3071 condonatum
742 2997 799 3070 sit.
851 2997 917 3069 Est
944 2996 1042 3069 enim
1058 2999 1248 3092 praestatio
1266 3000 1386 3073 omnis

340 3111 442 3210 pacti
474 3110 653 3183 terminus
682 3109 887 3193 naturalis;
914 3109 1136 3182 condonatio
1165 3123 1291 3184 autem
1326 3124 1383 3185 est

340 3224 518 3298 libertatis
532 3223 730 3312 restitutio,
744 3223 820 3296 sive
833 3222 998 3296 remissio
1009 3223 1103 3319 juris
1120 3225 1384 3321 obligationem

339 3338 609 3412 constituentis.

389 3453 542 3526 Pactum
559 3449 704 3524 etiamsi
721 3461 822 3523 metu
839 3460 1025 3523 extortum
1042 3449 1102 3540 sit,
1115 3450 1154 3523 in
1172 3452 1387 3527 conditione

339 3577 464 3639 tamen
489 3564 680 3638 hominum
696 3564 856 3637 naturali
872 3562 1035 3635 validum
1051 3575 1131 3648 est;
1157 3575 1199 3638 ut
1216 3565 1248 3637 si
1264 3567 1386 3662 pacis-

339 3704 403 3753 car
420 3704 505 3753 cum
517 3678 625 3750 hoste
642 3676 831 3750 servandae
842 3677 928 3749 vitae
942 3699 1054 3749 causa
1069 3677 1265 3773 pecuniam
1283 3678 1384 3768 dare,

337 3805 514 3890 praestare
533 3803 675 3864 teneor.
703 3791 924 3865 Contractus
942 3791 1043 3866 enim
1061 3802 1128 3882 est,
1142 3792 1182 3864 in
1200 3816 1274 3890 quo
1291 3794 1386 3867 alter

334 3909 395 4004 jus
422 3907 461 3979 in
479 3905 607 3993 vitam,
625 3904 718 3976 alter
744 3904 783 3976 iu
800 3903 994 3999 pecuniam
1012 3904 1200 3979 transfert.
1253 3907 1382 4001 Itaque

336 4021 401 4094 ubi
418 4018 520 4091 nulla
531 4017 593 4090 lex
610 4016 681 4090 alia
697 4017 755 4106 sit,
773 4016 872 4089 utin
891 4016 1104 4091 conditione
1114 4018 1284 4108 naturali,
1299 4042 1383 4114 quae

335 4132 612 4230 praestationem
628 4130 832 4228 prohibeat,
849 4142 999 4226 pactum
1016 4131 1176 4206 validum
1200 4142 1267 4206 est.
1320 4131 1383 4204 Sic

335 4247 432 4321 bello
452 4256 594 4341 captus,
614 4244 644 4318 si
667 4243 875 4318 libertatem
904 4270 947 4318 ea
965 4244 1178 4320 conditione
1194 4245 1381 4341 acceperit
