2926 4980
337 389 391 440 nn
412 388 606 441 crvrrurn
627 387 895 440 cuarsrrmrn.
1063 365 1136 447 277

94 566 259 685 tempore
286 555 504 652 scriptionis,
531 580 578 626 an
603 555 696 627 liber
721 554 894 651 aliquis
884 576 924 625 ιιι
957 573 1134 625 canonem
1149 586 1226 636 cAp
1234 585 1348 635 xm„

95 670 210 764 recipi
233 682 429 758 mereatur,
449 669 688 764 judicandum
706 681 772 740 est.
824 669 939 739 Erant
956 680 1078 737 autem
1096 663 1133 735 in
1148 669 1335 783 Dm

95 782 227 857 Judaea
243 783 358 854 sancti
376 784 443 854 virr
433 781 592 869 Judaei,
611 805 673 876 qur
662 780 852 875 linguam
870 780 1034 853 Graecam
1051 800 1135 874 per·
1147 797 1288 853 eruimur
1289 808 1337 852 ιιι

95 896 192 968 fecte
210 896 424 968 calluerunt
477 896 550 968 Sed
566 895 650 967 libri
667 918 742 967 ιιοιι
760 918 782 965 a
798 893 997 990 scriptoris
1008 890 1073 964 sed
1089 890 1135 963 ab
1148 859 1352 983 drilliiuiiira

96 1009 270 1082 Ecclesiae
304 1009 526 1081 authoritate
491 1007 761 1103 trecipieudi
795 1019 891 1080 sunt.
944 1004 1270 1077 Librorum¹¹¹⁰¹⁸⁸⁰
1245 1002 1326 1036 ‘m

97 1131 218 1194 autern
233 1145 420 1194 sacrorum
434 1120 597 1193 authorit
583 1122 649 1192 tati
667 1144 742 1192 non
759 1144 888 1215 parum
906 1118 1021 1207 addit,
1040 1119 1138 1212 quod

97 1234 164 1308 etsi
183 1235 334 1307 diversis
351 1235 575 1330 temporibus
592 1233 777 1305 adiversis
788 1232 995 1305 hominibus
1012 1230 1139 1326 scripti

98 1348 184 1436 sint,
204 1348 333 1420 eodem
351 1360 474 1420 tamen
494 1347 625 1443 spiritu
652 1370 778 1419 omnes
803 1345 1026 1440 scripserint,
1045 1357 1084 1417 et
1099 1344 1138 1417 in

101 1486 216 1534 unum
231 1471 268 1533 et
282 1462 438 1533 eundem
451 1484 603 1555 scopum
614 1458 868 1555 conspirarint,
880 1481 1011 1554 nempe
1025 1457 1140 1554 expli-

99 1576 282 1647 cationem
301 1575 395 1670 juris
413 1573 517 1669 regni
535 1573 705 1661 coelestis,
723 1572 762 1644 in
779 1571 861 1641 Deo
881 1569 1010 1660 Patre,
1028 1570 1140 1659 Filio,

99 1701 136 1760 et
150 1687 300 1786 Spiritu
312 1687 462 1759 Sancto.
491 1686 586 1759 Nam
600 1686 692 1759 liber
702 1684 875 1759 Genesios
888 1685 1140 1782 genealogiam

98 1802 224 1897 populi
255 1801 323 1873 Dei
352 1800 503 1873 deducit
534 1823 556 1872 a
579 1801 764 1872 creatione
791 1826 907 1898 usque
930 1800 978 1873 ad
1001 1799 1140 1872 exitum

99 1938 224 1986 eorum
242 1914 280 1986 in
299 1914 511 2010 AEgyptum.
565 1912 710 2007 Reliqui
733 1927 891 2006 quatuor
915 1912 998 1986 libri
1024 1912 1140 1985 Mosis

99 2028 283 2124 explicant
298 2028 401 2122 regni
420 2025 577 2098 coelestis
595 2025 859 2100 institutionem
878 2040 915 2099 et
933 2026 1043 2121 leges.
1078 2025 1139 2097 Li-

98 2142 156 2215 bri
173 2143 307 2225 Josuae‚
325 2138 508 2226 Judicum,
531 2138 640 2224 Ruth,
659 2150 695 2209 et
714 2137 903 2226 Samuelis,
921 2137 1048 2234 populi
1071 2137 1140 2210 Dei

99 2267 202 2353 gesta
222 2265 373 2326 narrant
396 2276 509 2347 usque
535 2250 582 2323 ad
607 2275 731 2346 regern
759 2252 858 2341 Saul,
877 2276 949 2347 quo
976 2263 1141 2345 tempore

100 2392 253 2464 regnum
281 2367 350 2439 Dei
377 2378 600 2452 recusantes
628 2387 752 2460 regem
781 2365 1058 2461 postulaverunt
1092 2361 1140 2434 ad

100 2504 238 2553 morem
255 2479 421 2574 gentium
440 2479 652 2551 vicinarum.
689 2479 843 2575 Reliqua
856 2479 1010 2552 historia
1027 2478 1135 2550 Vete-

99 2594 149 2666 ris
169 2593 396 2666 Testamenti
419 2591 569 2664 Davidis
590 2592 725 2664 lineam
747 2616 813 2687 per
830 2616 935 2688 reges
951 2592 973 2665 J
977 2591 1059 2664 udae
1078 2589 1140 2663 de·

100 2706 238 2793 scribit,
257 2730 371 2801 usque
389 2705 436 2776 ad
454 2705 728 2800 captivitatem
766 2729 811 2777 ex
835 2729 906 2801 qua
933 2705 1030 2778 linea
1052 2705 1140 2777 oriri

102 2820 228 2891 debuit
245 2821 350 2915 regni
363 2819 520 2891 coelestis
535 2819 737 2905 restitutor,
750 2820 921 2892 Servator
932 2831 1055 2893 noster
1072 2819 1152 2891 Dei'

101 2933 217 3005 filius:
238 2934 341 3027 cujus
355 2931 531 3003 adventus
544 2932 581 3003 in
595 2931 697 3003 libris
710 2931 973 3028 Prophetarum
987 2932 1141 3029 praedic-

102 3059 162 3117 tus
180 3056 246 3117 est.
300 3046 420 3139 Hujus
438 3045 550 3116 vitam
568 3058 606 3117 et
622 3045 721 3117 sacta
738 3046 963 3143 scripserunt
978 3048 1142 3142 Evange-

101 3159 205 3232 listae.
233 3160 432 3246 Postremo,
445 3159 704 3254 Apostolorum
723 3160 819 3232 Acta
836 3172 873 3234 et
887 3157 1059 3256 Epistolae
1077 3157 1141 3231 ad-

102 3290 253 3344 ventum
276 3270 462 3343 declarant
484 3272 641 3366 Spiritus
665 3272 803 3362 Sancti,
822 3287 860 3345 et
880 3274 925 3345 ab
949 3297 992 3345 eo
1019 3272 1143 3345 datam

103 3384 266 3457 ecclesiae
292 3385 552 3458 authoritatem
580 3398 617 3458 et
633 3387 802 3482 gratiam,
820 3399 862 3458 ut
883 3385 1143 3481 praedicatione

104 3519 169 3568 sua
186 3496 352 3568 homines
371 3495 588 3569 adsalutem
607 3499 645 3570 in
664 3497 808 3570 Christo
827 3497 1036 3570 invitarent.

155 3610 320 3684 Quaestio
338 3608 446 3681 hodie
464 3610 672 3707 disputatur
699 3611 794 3682 inter
820 3611 1035 3683 Christiauae
1060 3609 1144 3682 reli-

104 3723 221 3818 gionis
240 3738 370 3810 sectas,
388 3724 485 3796 unde
509 3725 669 3797 habeant
693 3724 891 3820 Scripturae
915 3725 1036 3796 Sacrae
1063 3746 1144 3794 eam

105 3859 214 3931 quam
231 3836 369 3907 habent
386 3836 670 3919 authoritatem
704 3861 786 3933 quae
810 3837 964 3932 quaestio
988 3835 1143 3932 proponi

105 3948 196 4021 solet
214 3949 287 4021 sic:
307 3948 371 4043 qui
388 3949 522 4021 scimus
540 3948 764 4047 Scripturas
781 3973 863 4021 ease
877 3949 1021 4022 verbum
1035 3948 1144 4022 Deir

106 4060 427 4155 difficultatemque
444 4061 557 4134 habet
570 4061 824 4135 tantummodo
839 4060 1057 4159 aquaerendi
1071 4086 1145 4135 mo·

106 4174 166 4246 do.
219 4175 314 4246 Nam
332 4174 430 4269 quod
448 4176 546 4247 Deus
563 4176 640 4271 ipse
659 4175 857 4272 Scripturae
876 4177 997 4249 Sacrae
1013 4176 1146 4249 author

70 4373 75 4380 Ι
106 4287 165 4375 sit,
199 4299 404 4383 agnoscunt
429 4311 566 4376 omnes,
601 4301 639 4360 et
664 4289 829 4362 credunt.
882 4289 993 4364 Quod
1022 4302 1145 4363 autem
