2926 4980
513 384 567 434 ou
587 382 793 436 crvrrnru.
1103 361 1178 427 251,

141 574 299 638 omnem,
315 574 387 646 qua
403 549 575 621 videntur
588 573 695 645 posse
713 548 902 621 suffulciri.
956 545 1177 619 Criminibus
1200 572 1278 622 cnr.
1293 569 1379 618 xxx.

142 666 278 752 autem,
298 688 380 759 quae
393 689 416 736 a
432 664 617 735 communi
634 663 825 735 hominum
837 661 1050 734 infirmitate
1067 659 1177 753 profi·
1191 657 1372 758 ὦῶ,

143 780 352 862 ciscuntur;
380 777 501 873 qualia
517 777 657 849 faciunt
674 777 840 849 homines
857 773 1049 869 insigniter
1064 773 1178 844 laces-
1191 778 1363 838 minnere-¹¹⁶⁸

143 892 214 980 siti,
234 892 327 964 etin
347 914 480 985 magno
507 903 608 963 metu
624 889 683 962 vel
701 914 834 985 magna
850 887 1067 960 necessitate
1085 885 1180 957 exis-

143 1016 275 1093 tentes,
292 1005 350 1076 vel
375 1005 450 1098 qui,
477 1004 575 1100 quod
602 1004 753 1091 faciunt,
770 1014 894 1075 utrum
908 1001 1047 1073 crimen
1064 1020 1180 1069 necne

144 1119 192 1190 sit
222 1118 416 1212 ignorant3
443 1117 586 1190 lenitati
612 1118 714 1189 locus
733 1128 800 1204 est,
827 1125 864 1186 et
887 1138 909 1186 a
933 1112 1014 1208 lege
1039 1123 1182 1184 naturae

146 1230 315 1326 exigitur.
369 1231 414 1302 ln
431 1231 682 1321 seditionibus,
699 1231 843 1327 punitio
862 1229 1057 1301 ductorum
1075 1238 1112 1299 et
1128 1227 1183 1299 in-

146 1343 372 1438 stigantium,
395 1368 470 1417 non
495 1345 640 1418 seducti
665 1344 777 1440 vulgi,
804 1344 944 1416 civitati
969 1365 1035 1438 per
1062 1365 1184 1413 exem-

146 1457 247 1553 plum
264 1457 365 1529 utilis
383 1471 463 1542 est;
489 1484 575 1531 nam
601 1459 689 1554 quid
714 1458 854 1530 faciunt
878 1457 1060 1551 ignorant.
1124 1454 1183 1549 lg-

147 1570 317 1641 norantia
337 1582 471 1660 autem,
492 1573 696 1667 praesertim
722 1572 751 1643 si
777 1571 911 1666 partim
937 1568 1076 1641 civitati
1101 1567 1183 1663 ipsi,

148 1682 251 1776 cujus
277 1682 385 1777 culpa
402 1696 481 1756 erat
499 1684 597 1780 quod
615 1708 688 1756 non
706 1684 835 1755 melius
861 1682 1091 1769 docerentur,
1116 1681 1185 1752 im-

147 1795 311 1890 putanda
328 1796 387 1884 sit,
406 1796 607 1869 condonari
625 1798 680 1869 vel
698 1797 813 1869 levius
831 1795 951 1891 puniri
966 1794 1085 1866 debet.
1107 1853 1114 1861 ,

198 1908 370 2002 Ejusdem
388 1933 539 1981 summae
556 1910 749 2005 potestatis
763 1920 830 1996 est,
849 1909 903 1980 ita
915 1931 1057 2002 semper
1070 1907 1186 1978 bonos

150 2021 386 2108 remunerari,
400 2032 442 2093 ut
455 2022 605 2116 praemia
618 2046 683 2117 per
695 2020 900 2116 exemplum
918 2020 965 2092 ad
977 2021 1115 2091 bonum
1128 2042 1187 2090 re-

152 2132 498 2206 dundentcivitatis
519 2134 792 2230 ldquodfiet‚si
805 2134 867 2229 qui
880 2133 924 2205 de
936 2132 1187 2205 civitatebene

152 2257 364 2317 meruerunt
390 2247 442 2318 ita
466 2257 761 2342 promoveantur,
780 2261 822 2318 ut
839 2245 912 2332 alii,
938 2245 1078 2317 civitati
1094 2246 1188 2317 bene

154 2358 354 2446 serviend0,
375 2361 581 2454 promoveri
610 2371 768 2455 sperent.
820 2359 878 2431 Ab
906 2358 1053 2431 homine
1076 2358 1189 2430 ambi·

154 2472 259 2560 tios0,
284 2497 331 2544 ne
357 2473 495 2545 civitati
522 2496 653 2545 nocere
677 2473 777 2559 velit,
796 2472 953 2567 pecunia
969 2472 1026 2543 vel
1042 2494 1190 2567 promo-

155 2585 255 2656 tione
284 2609 416 2671 emere,
447 2586 538 2657 nihil
565 2586 678 2658 habet
704 2585 743 2656 in
761 2608 799 2656 se
822 2585 866 2656 de
893 2598 1024 2657 natura
1049 2584 1189 2680 praemii

156 2721 273 2793 neque
285 2697 330 2769 de
342 2710 475 2769 natura
487 2700 626 2791 gratia,
645 2698 709 2770 sed
726 2698 888 2780 timoris;
911 2697 1053 2790 (civitas
1067 2708 1191 2770 autem

155 2835 225 2883 rea
247 2821 305 2882 est
316 2810 489 2904 filiorum
510 2812 709 2909 superbire,
728 2821 765 2882 et
774 2811 896 2907 facta
919 2810 974 2882 ita
997 2821 1037 2883 ut
1060 2811 1194 2882 timere

156 2948 227 2996 non
250 2923 401 3017 debeat)
417 2952 429 3005 ‚·
456 2947 575 3020 neque
592 2924 640 2996 ad
653 2924 860 3011 utilitatem,
875 2923 939 2995 sed
957 2923 1004 2995 ad
1019 2923 1193 2996 damnum

158 3036 315 3109 civitatis
332 3037 397 3119 fit;
428 3051 466 3109 et
484 3051 668 3110 certamen
691 3037 875 3132 quoddam
893 3048 948 3109 est
968 3061 1194 3109 summorum

159 3149 415 3244 imperantium
433 3173 517 3220 cum
534 3150 612 3221 cive
630 3150 836 3239 ambitioso,
864 3150 980 3222 simile
998 3152 1076 3247 ejus
1094 3151 1195 3246 quod

158 3261 227 3334 fuit
245 3261 341 3334 inter
360 3263 559 3335 Herculem
577 3275 615 3334 et
631 3263 798 3359 Hydram
810 3263 1075 3359 multicipitem,
1090 3265 1195 3359 cujus

158 3399 232 3446 uno
259 3375 376 3469 capite
406 3377 577 3467 abscissa
605 3378 642 3449 in
669 3377 790 3449 locum
817 3378 894 3472 ejus
912 3378 984 3449 tria
1001 3377 1194 3449 subnasce-

159 3489 304 3560 bantur.
361 3488 499 3560 Eodem
526 3491 624 3561 enim
652 3490 774 3577 mod0,
799 3489 829 3561 si
859 3490 1074 3562 ambitiosus
1100 3513 1196 3562 unus

160 3600 311 3697 praemio
328 3602 447 3674 victus
465 3601 587 3689 fuerit,
607 3614 829 3698 consurgent
846 3604 1012 3698 exemplo
1026 3604 1104 3698 ejus
1117 3602 1196 3698 plu·

160 3738 231 3801 res,
249 3713 376 3786 eadem
396 3737 460 3809 spe
487 3715 614 3787 eadem
641 3714 797 3797 facturi;
826 3739 911 3787 nam
940 3715 1034 3787 sicut
1063 3725 1197 3787 caetera

161 3826 304 3899 venalia
325 3827 459 3914 omnia,
486 3828 537 3900 ita
564 3827 675 3899 etiam
701 3827 839 3922 flagitia
868 3828 987 3922 pretio
1015 3839 1196 3899 crescunt.

165 3940 383 4034 Quanquam
408 3951 530 4012 autem
557 3940 735 4011 malorum
760 3938 950 4011 hominum
967 3939 1199 4035 promotione

163 4051 298 4123 bellum
324 4052 430 4125 civile
458 4052 594 4125 differri
620 4052 816 4147 aliquando
842 4053 968 4148 possit,
994 4052 1199 4148 periculum

165 4176 287 4236 tamen
318 4166 460 4254 crescit,
487 4166 692 4261 certiorque
719 4165 885 4238 redditur
911 4167 1016 4238 ruina
1041 4166 1199 4261 publica.

166 4276 294 4371 ltaque
313 4288 440 4350 contra
454 4278 613 4351 officium
630 4279 763 4351 summi
788 4278 1001 4373 imperantis
1020 4290 1087 4368 est,
1105 4279 1199 4369 illos,
