2926 4980
335 333 403 404 112
720 352 775 407 os
795 353 977 407 noum.

140 545 218 599 coto
231 547 290 601 κν.
330 530 387 594 est
413 518 600 617 injustum.
651 521 849 596 Manifesta
872 522 959 595 hinc
978 534 1037 595 ost
1065 521 1256 617 injmfifit
1277 520 1371 594 deii-

145 629 287 746 m
329 631 432 722 nitio,
451 632 637 730 irp'ustitia
664 643 722 709 eet
741 643 942 734 pactorum
961 659 1033 708 m
1045 635 1262 734 praelatio,
1277 634 1368 722 ἐκ,

145 757 291 804 ...imon
329 744 535 844 quodidem
552 746 727 843 estfidei
744 747 846 821 datoe
862 746 1030 822 violatio.
1078 748 1229 821 Jnstnm
1240 760 1368 820 autem

327 872 395 950 ost,
414 858 511 959 quod
529 860 704 958 injustum
721 882 796 933 non
812 870 880 933 est.

377 973 561 1052 Quoniam
577 986 702 1049 autem
725 987 836 1070 pocta
861 971 949 1045 fidei
975 983 1127 1063 mutue,
1142 986 1187 1045 nt
1201 987 1291 1045 ants
1306 997 1368 1046 os

325 1099 470 1165 tonum
493 1098 560 1177 ost,
578 1099 730 1187 propter
758 1097 895 1160 metum
922 1085 1031 1159 unius
1057 1110 1106 1159 ne
1133 1086 1227 1159 alter
1249 1087 1366 1174 fallat,

327 1199 485 1277 invalido
502 1214 599 1291 sunt,
613 1201 682 1277 etsi
694 1201 798 1300 origo
812 1201 965 1300 justitiae
981 1201 1029 1274 sit
1040 1213 1201 1298 pactum,
1214 1213 1366 1298 pactum

325 1324 448 1391 tittnou
466 1338 539 1389 non
557 1326 743 1413 praestnre,
763 1315 825 1390 nbi
846 1339 957 1389 causo
981 1329 1103 1389 metus
1129 1315 1274 1388 sublata
1289 1340 1366 1390 non

325 1439 392 1517 ost,
411 1452 485 1504 non
503 1439 560 1503 ost
574 1428 763 1528 injustitia.
816 1428 968 1502 Sublata
980 1438 1103 1501 autem
1119 1452 1194 1501 non
1208 1439 1366 1519 estma-

325 1553 435 1618 nonto
442 1544 525 1641 juro
536 1542 700 1618 omnium
712 1541 750 1616 in
761 1541 894 1616 omnio.
921 1541 1211 1639 Vooobnlaergo
1219 1544 1365 1637 justum

324 1666 361 1733 ot
373 1655 546 1755 inputo-m
557 1668 643 1732 onte
656 1655 859 1754 potentiam
870 1654 1025 1744 civilem,
1037 1680 1120 1752 quae
1129 1655 1364 1729 violationem

323 1782 517 1871 pnotonun
531 1769 656 1846 ulcisci
666 1781 790 1869 posset
799 1781 837 1844 et
847 1770 978 1865 cuique
988 1769 1364 1865 proprietatemsuom

324 1883 441 1985 potio
465 1883 682 1983 inpositam
710 1882 883 1973 stabilire,
906 1894 1083 1978 usurpata
1104 1905 1180 1955 non
1202 1880 1363 1955 fuerunt.

327 1995 427 2073 itiotu
439 1997 657 2096 iotoliigitor
667 2021 713 2072 ox
727 2007 877 2095 recepto
892 1996 931 2069 in
950 1995 1092 2069 Scholis
1105 1994 1258 2091 justitiae
1276 1995 1365 2069 defi-

324 2109 642 2208 uitionnjsotitio
659 2119 717 2184 est
733 2108 904 2184 mimas
921 2119 1096 2182 constans
1112 2131 1214 2181 suum
1231 2108 1365 2204 cuique

323 2222 527 2301 mitoneis,
578 2223 675 2299 Nam
692 2221 756 2297 nbi
771 2245 874 2294 suom
886 2245 964 2295 non
980 2230 1049 2310 est,
1060 2219 1099 2292 id
1110 2231 1177 2310 est,
1194 2219 1257 2292 ubi
1266 2245 1364 2318 pro-

319 2338 446 2441 ptam
464 2362 539 2415 iton
555 2349 623 2423 ist,
640 2335 691 2413 ibi
708 2336 885 2433 injustum
895 2332 988 2408 nihil
998 2344 1078 2418 est;
1096 2345 1135 2407 et
1147 2333 1210 2406 nbi
1227 2333 1362 2406 civitas

324 2475 398 2529 uon
416 2464 485 2534 tsi.
499 2451 656 2529 nihilist
670 2449 880 2551 pwoprinst
929 2447 1090 2521 Jnstitiae
1103 2458 1227 2519 autem
1240 2469 1362 2519 essen-

323 2566 376 2643 tis
403 2566 571 2642 ‹pitsistit
602 2564 639 2640 in
668 2563 906 2661 praestotione
932 2574 1138 2659 pactorum,
1162 2584 1244 2655 quae
1272 2571 1362 2633 tuno

322 2678 443 2755 solitis
460 2702 540 2753 osso
557 2675 908 2775 inoipin11t‚quondo
924 2674 1127 2748 constituta
1139 2683 1195 2746 est
1212 2673 1362 2758 civitas;

322 2792 448 2888 itaquo
465 2790 605 2877 oivitos,
623 2788 828 2885 proprietas
840 2788 1035 2875 bonorum,
1046 2797 1084 2859 et
1096 2785 1240 2881 justitia
1256 2785 1362 2860 simul

321 2914 409 2977 noto
426 2912 523 2975 sunt.

369 3012 473 3085 Dixit
487 3011 673 3107 insipiens,
688 3011 804 3082 “Non
815 3021 870 3081 est
880 3010 1047 3104 justitia;
1074 3012 1361 3085 conservationis

319 3147 395 3198 suae
412 3123 546 3219 singuli
563 3134 601 3195 et
618 3123 687 3196 soli
704 3146 830 3195 curam
846 3134 1002 3218 gerunt3
1029 3126 1182 3199 rationis
1199 3150 1288 3222 ergo
1304 3136 1360 3198 est

318 3247 361 3309 ut
384 3236 523 3309 faciant
553 3235 687 3331 singoli
712 3234 886 3330 quicquid
911 3259 956 3307 eo
983 3237 1189 3311 conducere
1215 3239 1361 3312 sibimet

318 3350 407 3446 ipsis
425 3348 618 3437 videbitur,
635 3347 674 3420 id
691 3359 758 3437 est,
776 3360 886 3444 pacto
903 3349 1099 3424 facereve]
1125 3375 1200 3425 non
1225 3353 1360 3442 faeere,

318 3463 505 3537 custodire
522 3462 581 3535 vol
606 3486 681 3535 non
704 3461 889 3535 custodire
912 3463 1066 3537 arbitrio
1093 3467 1196 3540 su0.”
1248 3468 1362 3540 Pacta

316 3576 438 3649 facere
455 3576 597 3649 licitum
628 3598 706 3648 esse
736 3600 811 3650 non
838 3587 962 3672 negat,
980 3600 1050 3650 neo
1067 3579 1362 3654 observationem

315 3714 444 3762 eorum
449 3689 631 3785 justitiam
642 3689 1017 3779 vocari‚violationem
1028 3692 1259 3787 injustitiam.
1287 3694 1360 3767 Sed

314 3804 546 3900 injustitiam,
559 3802 702 3877 sublato
712 3804 843 3877 timore
857 3803 1147 3894 Dei,oonsistere
1159 3806 1359 3902 aliquando

313 3939 419 4010 posse
433 3916 525 3989 dicit
542 3941 626 3989 cum
642 3929 745 3990 recta
760 3919 915 3991 ratione.
968 3923 991 3956 “
1005 3920 1209 4016 Regnum,”
1226 3921 1355 4017 inquit,

315 4028 420 4101 “Dei
438 4030 641 4126 acquiritur
656 4031 843 4105 violentia.
896 4031 997 4107 Quid
1013 4033 1044 4106 si
1061 4036 1108 4108 ab
1125 4035 1274 4108 homine
1296 4057 1356 4105 ao-

315 4142 411 4238 quiri
437 4143 552 4237 possit
576 4166 642 4238 per
665 4143 878 4217 violentiam
904 4146 1091 4242 injustam,
1110 4171 1207 4221 anne
1226 4158 1356 4220 contro

313 4268 453 4329 rectam
463 4256 645 4332 rationem
656 4269 765 4347 esset,
778 4282 862 4331 cum
872 4259 1095 4356 impossibile
1106 4271 1201 4335 esset
1212 4272 1256 4333 nt
1268 4257 1356 4332 inde
