2926 4980
363 408 416 459 nu
438 407 629 460 crvrcaru
650 405 917 459 cunrsmann.
1085 391 1156 455 339

125 586 301 673 capturus
327 576 380 649 ait
396 576 500 672 filiis
516 575 607 664 ania,
625 585 663 647 et
690 575 811 649 domm
837 599 913 648 auo
931 584 1025 673 port
1048 598 1100 665 ae,
1117 583 1159 646 nt
1195 604 1272 654 cnr.
1287 603 1344 653 xo.

125 688 341 761 custodiant
364 689 461 760 oium
488 687 652 776 Domini,
670 697 709 759 et
720 688 884 783 saciant
902 686 1089 782 judicium
1120 696 1159 759 et
1197 684 1347 772 “ft-s

116 802 321 895 justitiam.
373 800 610 874 Manifestum
626 800 713 874 hinc
731 812 786 873 est
802 800 894 889 illua,
913 801 1042 895 quibus
1060 800 1159 873 Deus
1185 759 1352 867 ib'iiffi

127 914 335 987 immediate
355 914 529 1010 loquutus
554 937 628 985 non
657 925 723 1001 est,
749 914 915 1010 accipere
930 938 999 1009 pro
1017 914 1158 1010 legibus
1184 886 1356 996 leffium.

128 1028 196 1100 Dei
214 1052 275 1100 eas
296 1027 439 1116 debere,
458 1051 548 1122 quas
566 1026 757 1100 dictaverit
778 1028 810 1100 is
838 1027 901 1124 qui
924 1051 1103 1101 summam
1120 1026 1159 1100 iu
1186 1019 1358 1142 {ffiffi

128 1165 189 1214 eos
222 1141 335 1214 habet
360 1150 602 1237 potestatem;
629 1139 722 1212 sicut
748 1152 786 1212 et
810 1138 948 1212 familia
973 1151 1010 1212 et
1036 1164 1160 1214 semen

129 1254 328 1327 Abrahami
347 1277 408 1326 eas
431 1254 572 1350 accepit
593 1253 639 1326 ab
664 1253 873 1326 Abrahamo
897 1264 1000 1349 patre
1029 1266 1066 1327 et
1097 1253 1161 1326 do-

129 1368 228 1441 mino
246 1392 323 1441 suo.
362 1367 523 1440 inomni
540 1390 627 1462 ergo
645 1366 802 1456 civitate,
821 1367 884 1462 qui
902 1367 1163 1440 revelationem
1241 1455 1244 1461 .

130 1481 443 1577 supernaturalem
460 1504 534 1553 non
551 1480 687 1553 habent
709 1480 749 1552 in
765 1481 1003 1568 contrarium,
1022 1482 1163 1577 legibus

131 1596 220 1690 ejua
239 1594 302 1689 qui
320 1618 499 1667 summam
515 1592 627 1665 habet
643 1593 682 1665 in
700 1593 846 1666 civitate
866 1605 1097 1690 potestatem,
1125 1596 1164 1668 in

131 1709 298 1782 omnibus
322 1707 526 1780 actionibus
550 1707 708 1780 externis
733 1707 831 1780 cirea
847 1708 1061 1804 religionem
1078 1708 1164 1781 obe-

132 1822 211 1894 dire
228 1822 447 1918 obligantur.
499 1821 543 1892 Iu
561 1821 732 1910 externis,
750 1821 911 1917 iuquam,
938 1822 1163 1905 actionibus;

134 1935 219 2031 quia
236 1934 488 2031 cogitationes
505 1944 541 2006 et
558 1933 649 2006 fides
665 1932 854 2006 hominum
871 1935 1017 2007 interna
1033 1935 1079 2007 ab
1097 1935 1165 2007 hu-

133 2048 249 2121 manis
282 2048 487 2121 rectoribus
521 2047 692 2142 cognosci
725 2071 801 2120 non
834 2059 1008 2143 possunt;
1046 2072 1165 2145 neque

132 2160 346 2234 voluntariae
369 2169 475 2243 sunt;
502 2183 621 2255 neque
647 2159 780 2254 legum,
807 2159 870 2231 sed
888 2160 1064 2255 potentiae
1084 2174 1166 2234 tan-

133 2286 211 2348 tum
230 2273 364 2346 divinae
381 2274 532 2345 effeetus
559 2283 665 2355 sunt;
692 2283 731 2344 et
747 2270 913 2367 proinde,
938 2274 1004 2345 sub
1027 2274 1167 2370 obliga-

134 2386 233 2460 tione
250 2386 381 2459 cadere
398 2411 472 2459 non
490 2397 653 2481 possunt.

183 2501 305 2597 Atque
335 2499 421 2572 hinc
453 2499 570 2571 oritur
591 2496 794 2571 notandum
822 2498 1033 2589 secundum,
1051 2501 1168 2573 Abra·

134 2613 243 2687 hamo
259 2613 402 2686 licitum
417 2612 538 2700 fuisse,
557 2610 587 2683 si
612 2610 841 2683 subditorum
867 2634 1015 2685 suorum
1038 2613 1168 2710 aliquis

135 2728 310 2800 visionem
337 2725 395 2798 vel
426 2723 594 2820 spiritum
623 2724 681 2796 vel
714 2723 972 2797 revelationem
1008 2726 1168 2800 divinam

137 2839 376 2914 contumaciae
402 2862 489 2926 suae,
517 2837 576 2909 vel
604 2837 707 2909 novis
734 2836 910 2910 doctrinis
938 2863 1029 2935 quas
1054 2841 1170 2914 Abra·

136 2953 265 3027 hamus
278 2961 454 3040 vetuerat,
465 2950 722 3046 praetenderet,
732 2948 940 3045 hujusmodi
951 2951 1092 3026 homiui
1108 2955 1170 3027 iis-

139 3090 209 3162 que
227 3066 288 3163 qui
319 3065 371 3138 illi
398 3064 645 3151 adhaerebant,
668 3087 794 3158 poenas
822 3064 1013 3160 infligere3
1040 3079 1078 3139 et
1104 3091 1171 3164 per

139 3202 377 3274 consequens,
395 3178 545 3250 summis
562 3176 825 3272 imperantibus
845 3177 925 3251 illos
948 3181 1090 3275 punire,
1108 3181 1172 3278 qui

139 3294 280 3389 legibus
305 3291 464 3364 civitatis
498 3298 689 3385 opponunt
717 3288 884 3384 spiritum
917 3314 1023 3364 suum
1051 3294 1172 3389 priva-

141 3422 232 3496 tum,
263 3405 373 3478 etiam
407 3426 505 3475 nunc
539 3402 660 3474 licere.
713 3401 864 3474 Habent
891 3404 988 3476 enim
1017 3405 1056 3477 in
1086 3407 1173 3479 civi·

141 3534 217 3596 tate
235 3518 386 3592 eandem
401 3516 661 3589 authoritatem
675 3537 773 3586 nuuc
791 3516 923 3588 summi
940 3516 1172 3614 imperantes,

144 3657 253 3731 quam
270 3645 360 3704 tunc
377 3628 506 3701 habuit
523 3628 560 3700 in
578 3651 644 3700 sua
659 3627 798 3699 familia
814 3628 1054 3704 Abrahamus.

193 3745 396 3819 Deducitur
420 3742 507 3815 inde
533 3742 653 3829 tertio,
684 3740 785 3836 quod
811 3742 905 3815 sicut
931 3744 1028 3817 solus
1057 3746 1174 3819 Abra-

144 3862 274 3934 hamus
286 3859 326 3930 in
343 3857 480 3930 familia
498 3879 575 3944 sua,
594 3856 646 3928 ita
662 3854 692 3927 is
709 3854 818 3944 solus,
837 3856 898 3950 qui
915 3881 1093 3931 summam
1112 3860 1177 3932 ha-

143 3976 207 4047 bet
236 3973 275 4045 iu
310 3970 457 4044 civitate
481 3968 687 4042 Christiana
716 3979 946 4064 potestatem,
974 3970 1066 4045 scire
1092 3996 1177 4068 sup-

145 4097 303 4183 ponatur
329 4083 418 4178 quid
443 4082 491 4154 sit
517 4080 615 4177 quod
638 4080 737 4154 Deus
759 4081 931 4177 loquutus
949 4096 1027 4168 est;
1053 4084 1093 4156 id
1109 4098 1177 4175 est,

145 4199 244 4272 solus
271 4196 385 4271 divini
402 4195 504 4269 verbi
519 4195 701 4291 interpres
718 4195 978 4269 existimandus
996 4211 1061 4271 est.

197 4309 300 4384 Idem
316 4319 465 4406 pactum
483 4319 698 4382 renovatum
714 4319 795 4381 erat
813 4331 897 4381 oum
915 4310 1052 4400 Isaaoo,
1073 4313 1178 4406 (Gen.

995 4446 1048 4496 22
