2926 4980
328 334 400 400 332
568 349 623 403 DE
642 350 834 403 clvlma
854 349 1123 406 cumarum.

141 542 293 598 xxxvffl,
325 540 428 613 gum,
459 541 576 614 neque
605 519 736 591 trieris
763 542 900 617 niagno
928 518 1237 618 transgredietur
1271 544 1364 594 eum

116 629 314 735 „mm
327 626 506 701 Dominus
524 629 618 702 enim
626 630 749 725 judea
767 640 905 721 noster,
923 632 1104 705 Dominus
1121 632 1265 731 legifer
1281 657 1366 707 nos·

116 703 315 866 {ffifffi
328 750 398 829 ter,
417 742 596 815 Dominus
612 767 682 816 ree
695 754 823 816 noster
836 771 851 827 ,·
878 744 962 842 ipse
977 744 1140 817 salvabit
1151 767 1226 816 aas.
1258 742 1364 816 Lae-

115 830 277 938 aiiurifsu.
327 853 384 926 ati
396 865 483 927 sunt
484 855 657 951 funiculi
674 857 741 946 tui,
758 855 830 930 sed
839 856 1174 955 naupraaalebuut
1184 884 1199 939 ,·
1216 855 1274 929 sia
1286 857 1363 930 erit

326 965 445 1039 malus
463 978 558 1058 tirus,
584 978 624 1041 ut
640 968 808 1041 dilatare
823 969 971 1067 signum
988 993 1058 1042 non
1075 993 1204 1067 queas.
1261 968 1364 1042 Tunc

326 1079 538 1153 dividentur
564 1081 688 1179 spolia
716 1082 940 1181 praclarum
973 1082 1197 1166 multarum·
1233 1081 1365 1157 claudi

327 1191 512 1290 diripient
544 1194 730 1292 rapinam.
783 1192 866 1266 Nea
894 1194 995 1267 dicet
1011 1194 1165 1283 vicinus,
1193 1193 1361 1293 elangui.

326 1303 494 1403 Populea
520 1307 585 1405 qui
612 1306 760 1380 habitat
786 1306 824 1379 in
851 1331 908 1396 ea,
933 1307 1130 1405 auferetur
1155 1306 1203 1380 al
1229 1332 1272 1380 eo
1290 1308 1364 1381 ini·

326 1416 464 1513 auitas.

376 1530 518 1604 Quibus
544 1531 664 1605 verbis
694 1531 907 1628 designatur
935 1532 1065 1628 primo,
1091 1532 1193 1606 loeus
1219 1533 1361 1626 salutis,

324 1639 537 1717 Jerusalem
561 1644 747 1718 habitatio
782 1644 988 1744 opulenta;
1013 1646 1186 1735 seeundo,
1212 1646 1361 1722 duratio

324 1757 413 1851 ejuS,
444 1756 722 1830 tabernaculum
755 1758 858 1856 quod
889 1783 1120 1856 nequaquam
1150 1757 1361 1855 transferri

316 1869 489 1966 poterit:
515 1870 638 1959 tertio,
662 1871 820 1945 salvator
845 1869 926 1966 quis
952 1870 1011 1959 sit,
1037 1869 1217 1943 Dominus
1233 1872 1359 1966 judea

322 1991 461 2073 noster,
490 1982 632 2082 legifer
658 1993 796 2072 noster,
823 2007 891 2055 reu
917 1992 1078 2065 noster,·
1105 1993 1247 2077 quarto,
1278 1985 1361 2081 ipsa

323 2094 475 2169 salvatio
503 2097 619 2192 qualis
637 2108 703 2186 est,
724 2094 1046 2192 laamfluuiarnm,
1064 2095 1137 2168 riui
1154 2094 1332 2171 latissimi
1342 2127 1358 2183 ,-

323 2209 463 2303 quinto,
478 2208 641 2282 conditio
658 2201 785 2282 eorum
803 2210 867 2305 qui
884 2209 1132 2297 salvabuntur,
1158 2232 1229 2281 nan
1255 2210 1358 2284 dicet

321 2321 473 2412 uicinus,
498 2322 653 2421 elangui
663 2351 678 2407 ,·
704 2335 821 2412 sexto,
847 2321 1007 2395 conditio
1034 2320 1205 2409 hostium,
1232 2322 1359 2397 laxati

323 2435 598 2532 santfunieuli,
611 2436 682 2508 sed
690 2461 761 2509 non
768 2435 1028 2534 prevalebunt
1042 2445 1117 2518 eto;
1136 2446 1356 2530 prostremo,

322 2548 557 2621 continentur
578 2550 658 2622 haec
685 2549 809 2622 omnia
838 2548 971 2620 civium
997 2570 1174 2644 prospera
1207 2550 1356 2623 nomine

321 2662 543 2735 remissionis
563 2675 809 2758 peccatorum,
827 2661 975 2759 papula
989 2660 1199 2733 dimittetur
1217 2662 1356 2759 iniqui-

322 2782 383 2845 tas
400 2777 491 2869 ejus.
545 2776 688 2849 auibus
704 2775 824 2848 verbis
840 2775 1072 2872 perspicuum
1094 2775 1239 2848 videtur
1264 2801 1355 2867 esse,

321 2886 557 2960 salvationem
568 2889 606 2961 in
619 2901 719 2961 terra
732 2900 821 2961 tuno
833 2888 997 2960 futuram
1012 2911 1101 2975 esse,
1113 2888 1259 2983 quando
1271 2913 1354 2985 reg-

320 3000 424 3073 nabit
441 3001 551 3088 Deus,
569 3000 608 3072 in
625 3001 786 3074 adventu
803 3000 949 3089 Christi,
967 3001 1006 3073 in
1027 3001 1250 3085 Jerusalem3
1277 3014 1315 3076 et
1332 3027 1355 3076 a

318 3112 520 3186 Jerusalem
537 3114 736 3210 proaedere
761 3114 894 3188 debere
920 3114 1074 3186 salutem
1098 3116 1288 3210 gentium:
1315 3117 1352 3190 id

319 3226 418 3321 quod
436 3226 596 3322 apertius
609 3227 720 3300 etiam
737 3226 943 3300 declaratur
957 3228 1003 3299 ab
1017 3228 1146 3300 eodem
1159 3230 1354 3325 propheta,

322 3339 417 3435 (cap.
435 3339 520 3412 lxvi.
539 3347 598 3429 20,
617 3339 709 3435 21):
748 3341 805 3413 Et
831 3340 1019 3412 adducent
1053 3365 1175 3413 amnes
1190 3342 1353 3437 fratres

317 3462 463 3523 nestros
493 3452 540 3524 de
570 3453 714 3525 cunetis
738 3452 928 3551 gentibus,
956 3451 1088 3524 donum
1115 3453 1285 3543 Domino,
1313 3457 1352 3528 in

317 3565 435 3663 equis,
450 3573 488 3636 al
506 3565 544 3636 in
562 3565 778 3664 quadrigis,
795 3576 833 3637 et
847 3565 885 3636 in
897 3564 1055 3651 leatieis,
1080 3574 1118 3637 et
1129 3566 1298 3658 inmulis,
1314 3578 1352 3642 et

317 3677 354 3748 in
373 3679 557 3767 carrucis,
576 3678 630 3750 ad
644 3688 797 3751 mantem
815 3689 982 3751 sanetum
999 3702 1113 3750 meum
1126 3678 1350 3773 Jerusalem,

316 3789 411 3863 dicit
426 3790 616 3882 Dominus,
643 3792 821 3890 quomoda
844 3791 880 3863 si
905 3790 1073 3887 afferant
1086 3790 1171 3884 filii
1188 3790 1351 3868 Israelis

314 3929 441 3976 munus
459 3904 497 3976 in
523 3929 613 3977 uase
628 3905 759 3977 munda
775 3905 814 3976 in
832 3905 972 3977 domum
989 3904 1163 3977 Domini:
1189 3915 1227 3978 et
1245 3931 1351 3982 assuu-

314 4041 407 4090 mam
424 4043 471 4090 ea
491 4018 546 4090 eis
574 4018 612 4090 in
632 4018 851 4090 sacerdotes
872 4027 909 4089 et
926 4016 1092 4107 Lenitas,
1111 4016 1207 4091 dicit
1223 4021 1351 4095 Domi·

314 4155 392 4206 nus.
445 4131 604 4227 Intelligi
621 4131 706 4204 hine
723 4142 846 4227 potest
863 4130 1021 4203 civitatis
1039 4130 1197 4204 eoelestis
1214 4158 1349 4225 arcem,

313 4245 411 4318 unde
438 4245 534 4318 salus
559 4245 729 4341 gentibus
746 4244 946 4321 derivanda
962 4244 1021 4333 sit,
1039 4244 1201 4318 futuram
1219 4251 1348 4322 esseio
