2926 4980
511 398 564 451 ou
586 397 794 449 c1v1rnru.
1099 381 1173 446 225

186 562 363 658 Septimo,
382 563 412 634 si
430 561 566 634 malum
583 563 764 634 inflictum
781 563 902 634 minus
921 562 968 634 sit
983 585 1093 657 quam
1110 561 1174 634 bo·
1189 591 1384 642 cinxxvm

134 701 222 751 num
237 676 335 772 quod
354 676 493 748 crimen
511 677 744 748 commissum
765 675 980 748 naturaliter
1000 675 1175 770 sequitur,
1216 676 1359 793 ὦ

134 791 272 864 malum
290 790 381 863 illud
399 792 465 864 sub
485 790 696 863 definitione
713 814 832 886 poenae
844 813 919 861 non
938 789 1174 884 comprehen·
1217 800 1352 858 etrroeuffia

135 904 249 983 ditur;
265 927 350 976 uam
363 904 522 999 pretium
535 904 658 1000 potius
669 916 737 992 est,
750 902 824 975 sive
837 902 1040 997 redemptio
1055 901 1175 973 crimi-

133 1017 203 1108 nis
222 1042 331 1113 quam
358 1041 479 1112 poena.
530 1018 627 1090 Nam
657 1028 790 1089 natura
815 1040 935 1111 poenae
964 1017 1075 1088 finem
1099 1017 1176 1110 ejus

135 1131 313 1217 continet,
323 1154 467 1226 nempe,
478 1130 776 1203 reformationem
790 1130 936 1202 civium.
965 1129 1038 1202 Sed
1055 1153 1175 1225 poena,

136 1268 219 1341 quae
242 1244 363 1316 minus
385 1243 564 1316 molestiae
582 1243 693 1315 habet
711 1267 820 1338 quam
838 1243 949 1315 habet
967 1243 1105 1314 crimen
1119 1244 1177 1338 ju·

137 1355 258 1444 cundi,
275 1357 446 1428 effectum
460 1356 684 1429 contrarium
695 1366 878 1450 operatur.

186 1470 339 1556 Octavo,
357 1470 387 1540 si
400 1493 510 1564 poena
525 1470 605 1564 lege
616 1469 695 1564 ipsa
707 1469 922 1564 praescripta
932 1479 969 1541 et
982 1468 1178 1541 terminata

136 1583 195 1671 sit,
212 1594 296 1677 post
314 1582 452 1654 crimen
470 1595 594 1654 autem
612 1583 846 1654 commissum
864 1583 1051 1676 infligatur
1068 1606 1178 1678 poena

139 1696 266 1791 major,
284 1719 453 1768 excessus
484 1720 602 1791 poenae
632 1696 843 1791 posterioris
875 1719 985 1790 supra
1018 1696 1178 1792 priorem

137 1833 331 1905 poenanon
346 1820 412 1896 est,
427 1808 491 1881 sed
504 1808 643 1880 factum
656 1808 798 1881 hostile.
852 1808 945 1881 Cum
958 1809 1056 1881 enim
1071 1809 1178 1905 puni-

138 1923 282 1995 tionum
299 1922 382 1994 finis
399 1921 490 1994 ultio
508 1946 583 1995 non
595 1922 654 2010 sit,
670 1922 735 1994 sed
751 1934 892 2005 terror;
921 1934 1039 1994 terror
1056 1932 1179 1994 autem

137 2059 257 2131 poenae
275 2035 423 2130 majoris
441 2036 606 2108 nondum
624 2038 795 2132 cognitae,
812 2036 963 2109 minoris
980 2061 1098 2132 poenae
1116 2036 1179 2109 de·

139 2149 395 2220 terminatione
407 2149 558 2237 tollitur,
574 2149 713 2222 additio
726 2150 789 2222 illa
801 2173 911 2245 poena
920 2174 994 2222 non
1013 2160 1078 2221 est.
1107 2149 1180 2221 Ubi

140 2286 227 2334 vero
243 2285 390 2356 poenam
416 2263 553 2336 nnllam
571 2264 631 2335 lex
647 2263 880 2358 praescripsit,
899 2263 950 2334 ibi
968 2262 1142 2358 quicquid
1158 2286 1182 2334 a

141 2374 289 2446 civitate
307 2374 485 2469 infligitur
505 2388 673 2448 naturam
690 2399 809 2471 poenae
820 2376 940 2448 habet.
993 2376 1068 2449 Qui
1086 2374 1182 2446 enim

140 2488 271 2585 legem,
290 2489 393 2583 cujus
419 2487 566 2562 violatio
589 2514 735 2586 poenam
762 2502 933 2574 meretur,
954 2513 1035 2584 quae
1059 2500 1182 2561 tamen

141 2601 277 2696 scripto
297 2601 459 2673 nondum
471 2602 655 2691 definitur,
667 2603 790 2690 violat,
806 2602 1035 2675 indefinitam
1053 2625 1182 2696 expec-

143 2724 199 2786 tat
215 2738 376 2809 poenam,
396 2713 432 2786 id
452 2726 518 2803 est,
538 2716 780 2788 arbitrariam.

195 2827 316 2914 Nono,
345 2828 481 2899 malum
505 2829 684 2901 inflictum
703 2830 750 2901 ob
767 2828 905 2900 factum
922 2827 1084 2899 nondum
1102 2828 1183 2923 lege

143 2939 310 3027 vetitum,
328 2963 439 3034 poena
456 2964 530 3013 non
550 2953 616 3028 est,
635 2940 700 3013 sed
725 2941 864 3013 factum
890 2940 1034 3012 hostile.
1086 2941 1183 3012 Nam

143 3064 229 3125 ante
263 3053 393 3147 legem,
421 3055 663 3149 transgressio
699 3055 789 3150 legis
820 3078 897 3126 esse
926 3078 1001 3126 non
1035 3055 1182 3150 potuit;

144 3186 255 3261 poena
265 3177 387 3238 autem
399 3165 537 3238 factum
548 3167 721 3263 supponit
730 3168 924 3263 probatum
936 3179 973 3240 et
981 3168 1185 3263 judicatum

144 3278 381 3351 violationem
398 3280 489 3374 legis
508 3303 596 3352 esse.

196 3390 360 3478 Decimo,
378 3392 514 3464 malum
531 3392 711 3464 inflictum
734 3393 772 3464 in
797 3416 992 3488 personam
1016 3393 1184 3482 civitatis,

144 3527 255 3599 poena
272 3527 347 3575 non
364 3516 431 3593 est,
450 3503 515 3575 sed
526 3502 664 3576 factum
682 3505 813 3577 hostile
827 3537 836 3589 ;
854 3517 895 3578 ut
909 3506 1008 3602 quod
1023 3507 1185 3579 authori-

146 3615 391 3710 tatepublica‚
405 3615 443 3687 id
455 3628 524 3703 est,
542 3617 767 3689 authoritate
786 3618 898 3714 ipsius
915 3641 1080 3713 personae
1098 3619 1186 3690 civi-

147 3728 233 3801 tatis
254 3753 328 3801 non
349 3729 541 3824 infligitur.

198 3842 399 3930 Postremo,
418 3842 554 3914 malum
573 3843 752 3915 inflictum
775 3844 871 3916 hosti
899 3844 1102 3932 manifest0‚
1122 3868 1187 3916 no-

147 3954 245 4027 mine
259 3979 379 4050 poenae
392 3979 467 4028 non
483 3956 825 4051 comprehenditur;
854 3957 939 4052 quia
949 3958 1072 4029 hostes
1091 3958 1187 4030 cives

149 4092 223 4141 non
241 4083 339 4141 sunt.
393 4071 613 4166 Quanquam
631 4083 754 4142 autem
772 4071 869 4142 cives
887 4081 972 4143 ante
989 4071 1138 4157 fuerint,
1157 4071 1187 4142 si

149 4205 188 4254 se
213 4181 337 4253 hostes
360 4194 483 4254 tamen
509 4194 593 4279 post
619 4183 896 4273 declaraverint,
916 4208 990 4255 non
1016 4196 1057 4255 ut
1080 4184 1188 4272 civeS,

148 4294 214 4367 sed
227 4307 271 4366 ut
284 4295 410 4367 hostes
426 4295 626 4391 patiuntur.
655 4297 826 4393 Sequitur
839 4297 936 4386 hinc,
952 4297 983 4369 si
993 4296 1081 4370 civis
1091 4296 1189 4370 facto

250 4429 345 4480 voa.
361 4430 424 4481 111.
1063 4434 1089 4491 Q
