2926 4980
325 367 393 434 142
696 383 974 437 nuc1v1rnra.

122 577 199 628 cup.
214 579 290 630 Χιχ,
317 548 592 622 multitudinem
603 550 939 645 repraesentandam
948 553 1029 645 jure
1044 550 1129 647 eligi
1139 575 1212 625 non
1223 565 1359 648 potest,

104 660 276 777 „effi
317 663 386 735 nisi
404 663 451 734 ad
469 674 569 736 certa
586 676 623 736 et
641 689 664 737 a
681 665 881 738 monarcha
899 666 1052 738 definita
1068 665 1228 760 negotia,
1239 689 1359 762 neque

103 784 267 844 mamre*
316 775 388 849 hoc
406 778 614 850 monarchae
632 777 784 872 injussu.
824 779 972 875 Alioqui
987 780 1084 851 enim
1101 803 1280 851 summam
1293 804 1358 875 po-

102 848 269 990 ii'iiuiiia‘ffl
317 901 487 963 testatem
504 891 683 964 haberent
701 891 783 964 duae
801 893 909 965 simul
926 905 992 965 aut
1004 892 1127 987 plures
1139 915 1306 987 personae
1317 894 1356 964 in

102 981 302 1104 ffiffigm
316 1004 443 1077 eadem
467 1005 626 1094 civitate,
645 1030 726 1101 quae
744 1006 830 1077 iude
848 1006 886 1078 in
903 1005 1155 1079 conditionem
1173 1006 1258 1078 belli
1277 1031 1355 1079 om-

314 1117 416 1190 nium
434 1129 564 1192 contra
593 1142 720 1192 omues
742 1119 993 1207 reduceretur,
1010 1132 1141 1191 contra
1161 1120 1274 1192 finem
1299 1121 1356 1192 in-

313 1231 524 1305 stitutionis.
577 1232 681 1305 Sicut
697 1242 819 1304 autem
837 1233 877 1304 in
895 1244 996 1304 coetu
1021 1231 1148 1328 populi
1174 1256 1354 1307 summam

312 1344 471 1419 habente
488 1357 721 1442 potestatem,
740 1346 804 1441 qui
821 1346 918 1418 cives
936 1346 1006 1418 sibi
1023 1344 1188 1418 subditos
1204 1371 1270 1442 per
1287 1348 1354 1420 ho-

312 1456 430 1531 miues
460 1459 655 1555 deputatos
681 1459 878 1531 convenire
904 1459 1052 1555 juberet
1082 1459 1130 1530 ad
1155 1461 1305 1555 negotia
1330 1486 1353 1534 a

312 1582 411 1644 coetu
428 1573 590 1661 definita,
604 1585 694 1667 puta
705 1573 754 1646 ad
766 1572 957 1645 consilium
968 1573 1006 1644 in
1019 1572 1128 1644 rebus
1142 1573 1265 1645 arduis
1283 1574 1352 1646 im-

310 1685 553 1781 pertiendum,
580 1686 638 1758 vel
669 1685 717 1758 ad
746 1699 969 1758 nocumenta
999 1684 1173 1774 tollenda,
1200 1686 1351 1762 insanus

310 1798 518 1887 haberetur,
548 1799 610 1895 qui
641 1799 806 1870 homiues
836 1799 890 1870 ita
920 1810 1141 1871 convocatos
1171 1822 1350 1874 summam

309 1922 531 2008 potestatem
547 1912 695 2000 habere,
709 1924 747 1983 et
764 1912 877 1984 totius
894 1911 1052 1984 civitatis
1077 1912 1350 1987 multitudinem

309 2038 584 2122 repraesentare,
597 2035 634 2097 et
645 2047 841 2120 personam
853 2024 1012 2098 civitatis
1019 2026 1349 2120 gcrcrearbitrare-

309 2148 394 2222 tur;
422 2138 476 2210 ita
501 2137 613 2210 etiam
638 2137 786 2210 insanus
803 2137 931 2210 haberi
949 2137 1059 2210 debet
1076 2138 1152 2233 qui,
1170 2137 1265 2211 side
1287 2140 1348 2213 iis·

309 2249 393 2324 dem
410 2251 567 2347 negotiis
584 2251 623 2323 in
640 2251 854 2324 monarchia
870 2251 1079 2324 monarchae
1093 2251 1198 2347 jussu
1216 2276 1346 2325 conve-

307 2364 442 2453 nerint,
460 2365 719 2438 couvenientes
736 2375 885 2460 putaret
901 2388 1030 2460 gerere
1045 2387 1241 2460 personam
1259 2366 1346 2438 civi·

308 2478 405 2552 tatis.
456 2480 580 2574 Atque
596 2478 667 2550 hoc
681 2478 734 2551 ita
750 2477 985 2550 manifestum
1006 2488 1074 2565 est,
1091 2488 1134 2550 ut
1150 2478 1284 2551 mirum
1298 2480 1347 2553 sit

308 2614 384 2664 non
402 2592 694 2665 animadversum
708 2614 787 2664 esse
800 2592 846 2664 ab
860 2592 917 2679 iis,
930 2591 994 2686 qui
1006 2615 1131 2687 regem
1142 2615 1248 2664 suum
1259 2607 1344 2689 post

308 2718 565 2778 sexcentorum
595 2729 775 2778 annorum
798 2706 1078 2792 successionem,
1096 2706 1174 2777 sine
1200 2719 1345 2779 coutra-

309 2817 469 2892 dictione
486 2819 703 2915 legitimum,
721 2842 828 2914 quem
855 2829 893 2890 et
917 2842 1043 2914 regem
1060 2830 1291 2914 agnoverunt
1308 2831 1346 2892 et

308 2933 368 3004 cui
385 2933 614 3028 majestatem
632 2932 891 3019 attribuerunt,
901 2955 976 3003 uon
989 2943 1112 3004 tamen
1129 2945 1173 3004 ut
1184 2933 1345 3007 civitatis

306 3069 500 3140 personam
527 3046 861 3134 consideraverunt,
879 3046 1024 3118 sibimet
1049 3045 1137 3141 ipsis
1162 3048 1275 3119 totius
1293 3046 1344 3120 ci-

305 3159 431 3231 vitatis
457 3159 672 3255 Anglicanae
706 3159 1072 3254 repraesentationem
1100 3173 1339 3234 assumentes.

305 3269 529 3344 Moneantur
545 3270 631 3343 hinc
650 3271 712 3367 qui
731 3294 910 3343 summam
924 3271 1112 3343 habentin
1123 3295 1342 3368 quocunque

303 3384 461 3457 civitatis
477 3407 612 3480 genere
636 3393 871 3480 potestatem,
899 3383 997 3455 cives
1018 3406 1103 3455 suos
1119 3384 1229 3457 officii
1246 3387 1342 3459 tanti

299 3497 385 3592 jura
401 3498 567 3584 edocere,
585 3496 651 3569 sed
675 3496 803 3569 eadem
829 3497 914 3592 jura
938 3496 1008 3592 ipsi
1031 3497 1132 3592 prius
1156 3497 1292 3588 doceri,
1311 3501 1341 3572 si

302 3622 522 3707 potestatem
540 3634 718 3683 summam
735 3610 895 3681 retinere
913 3608 1073 3704 cupiant.

352 3724 570 3797 Differentia
586 3724 684 3796 inter
701 3723 775 3795 tria
789 3722 869 3795 haeo
891 3723 1082 3794 civitatum
1106 3745 1244 3818 genera
1263 3748 1339 3797 non

302 3839 469 3911 consistit
485 3838 524 3910 in
542 3837 752 3910 diversitate
768 3835 974 3932 potestatis,
992 3835 1058 3908 sed
1074 3835 1113 3909 in
1127 3837 1340 3911 diversitate

301 3951 517 4047 aptitudinis
530 3951 664 4024 civium
681 3951 729 4023 ad
745 3950 856 4022 finem
875 3973 993 4037 suum,
1007 3973 1140 4045 nempe
1156 3973 1285 4044 pacem
1303 3963 1341 4024 et

302 4064 562 4138 defensionem.
615 4065 658 4137 In
677 4064 951 4159 comparatione
968 4074 1091 4136 autem
1115 4064 1340 4138 monarchiae

301 4201 385 4250 cum
414 4177 554 4250 duabus
580 4177 742 4273 reliquis,
759 4176 964 4249 notandum
990 4190 1056 4265 est,
1075 4201 1158 4251 eum
1176 4177 1238 4273 qui
1255 4200 1339 4272 per-

300 4315 427 4366 sonam
454 4291 610 4363 civitatis
635 4289 742 4386 gerit,
769 4288 839 4378 vel,
866 4289 897 4361 si
919 4301 1035 4363 coetus
1059 4290 1120 4380 ait,
1138 4290 1338 4385 quemlibet
